1820 2956
606 99 738 148 PRO
772 100 836 148 Α.
880 100 958 148 CL
970 99 1239 149 UENTIO.
1609 103 1668 148 39

171 234 334 296 voles,'
360 233 525 298 inquit
553 239 786 297 ‘sequar:
819 233 906 283 sed
932 233 1049 298 quid
1077 233 1301 283 adfersl’
1361 234 1489 283 Tum
1514 234 1558 283 ei
1585 234 1672 283 HS

172 315 500 380 quadraginta
523 315 673 376 milia,
702 315 742 364 si
768 320 898 364 esset
923 315 1178 364 absolutus
1199 315 1514 380 OppianicuS‚
1535 315 1673 380 polli-

171 403 321 458 cetur,
343 402 394 447 et
418 413 531 446 eum
556 403 613 445 ut
638 402 827 445 ceteros
853 396 1069 461 appellet
1094 397 1389 461 quibuscum
1408 397 1544 462 loqui
1565 413 1674 446 con-

171 484 359 528 suesset
378 485 532 543 rogat.
587 477 757 542 Atque
777 478 927 527 etiam
946 478 1050 542 ipse
1071 478 1298 528 conditor
1317 478 1471 528 totius
1487 478 1674 544 negotii
1696 476 1764 532 72

124 572 147 617 5
172 560 381 609 Guttam
414 559 632 624 aspergit
664 559 778 607 huic
813 559 1008 621 Bulbo3
1043 560 1214 623 itaque
1243 560 1446 610 minime
1479 577 1674 609 amarus

172 642 240 691 eis
275 642 410 691 visus
448 647 523 690 est
559 642 647 706 qui
683 641 874 706 aliquid
917 658 980 691 ex
1023 642 1129 690 eius
1176 658 1402 691 sermone
1450 641 1675 706 speculae

171 723 507 788 degustarant.
582 722 728 772 Unus
770 728 821 772 et
862 722 988 772 alter
1029 722 1134 771 dies
1176 723 1522 772 intercesserat
1563 740 1675 772 cum

170 822 247 854 res
283 822 460 869 parum
497 810 631 854 certa
666 803 960 854 videbatur:
997 810 1250 868 sequester
1286 812 1337 853 et
1360 805 1677 853 confirmator

170 886 406 951 pecuniae
445 885 834 947 desiderabatur.
907 885 1035 934 Tum
1077 886 1296 950 appellat
1336 886 1497 935 hilaro
1529 886 1677 935 vultu

99 982 149 1011 10
170 968 421 1018 hominem
458 968 661 1028 Bulbus,
705 974 763 1017 ut
798 967 1119 1017 blandissime
1154 973 1350 1032 potest:
1391 967 1552 1028 ‘Quid
1589 970 1675 1027 tu,'

169 1051 335 1115 inquit
375 1050 784 1100 ‘Paete?'--hoc
825 1049 958 1099 enim
997 1050 1092 1099 sibi
1134 1050 1364 1099 Staienus
1404 1066 1676 1114 cognomen

170 1150 232 1181 ex
266 1133 568 1197 imaginibus
603 1131 864 1181 Aeliorum
902 1128 1167 1197 delegerat,
1195 1149 1273 1191 ne,
1300 1132 1340 1180 si
1366 1147 1417 1181 se
1441 1131 1677 1196 Ligurem

169 1213 378 1272 fecisset,
406 1214 624 1262 nationis
660 1213 817 1279 magis
854 1230 1004 1278 quam
1039 1213 1234 1278 generis
1272 1213 1347 1262 uti
1385 1214 1677 1279 cognomine

170 1291 508 1341 videretur—‘
525 1308 623 1356 qua
661 1291 723 1340 de
762 1308 814 1340 re
853 1308 1047 1340 mecum
1086 1292 1281 1341 locutus
1330 1309 1393 1353 eS,
1430 1298 1678 1356 quaerunt

99 1385 145 1430 15
170 1390 198 1422 a
221 1390 300 1422 me
323 1373 410 1422 ubi
435 1374 501 1422 sit
524 1373 762 1437 pecunia.'
835 1373 932 1422 Hic
956 1373 1039 1422 ille
1065 1373 1241 1438 planus
1266 1373 1674 1437 improbissimus,

170 1460 380 1520 quaestu
438 1455 696 1504 iudiciario
754 1460 938 1519 pastus,
990 1455 1076 1519 qui
1122 1455 1197 1504 illi
1245 1455 1479 1520 pecuniae
1527 1472 1678 1520 quam

170 1536 461 1586 condiderat
496 1553 582 1602 spe
618 1537 717 1585 iam
754 1542 904 1601 atque
935 1537 1101 1586 animo
1126 1537 1398 1598 incubaret,
1428 1537 1678 1587 contrahit

168 1618 782 1668 frontem—recordamini
822 1618 997 1667 faciem
1040 1624 1190 1682 atque
1231 1619 1343 1668 illos
1386 1619 1491 1668 eius
1538 1620 1677 1668 fictos

169 1700 525 1765 simulatosque
566 1700 872 1760 vultus—et,
917 1701 1003 1764 qui
1046 1706 1176 1749 esset
1216 1706 1353 1750 totus
1395 1718 1459 1750 ex
1503 1700 1677 1751 fraude

96 1796 148 1826 20
170 1788 220 1832 et
243 1783 502 1832 mendacio
540 1782 716 1846 factus,
758 1781 945 1846 quique
994 1799 1051 1830 ea
1096 1782 1221 1831 vitia
1262 1799 1387 1846 quae
1430 1799 1459 1830 a
1499 1787 1678 1830 natura

169 1864 384 1913 habebat
421 1864 572 1912 etiam
608 1863 774 1912 studio
801 1869 950 1927 atque
976 1863 1184 1912 artificio
1210 1863 1427 1927 quodam
1455 1863 1676 1912 malitiae

169 1945 484 2006 condivisset,
535 1944 739 2010 pulchre
799 1944 1060 1994 adseverat
1118 1962 1223 1994 sese
1282 1945 1344 1994 ab
1404 1944 1676 2008 Oppianico

170 2027 482 2088 destitutum,
533 2032 686 2091 atque
733 2026 826 2075 hoc
873 2025 1017 2075 addit
1063 2027 1351 2085 testimonii,
1402 2043 1490 2075 sua
1536 2025 1677 2074 illum

170 2109 430 2168 sententia,
459 2125 571 2157 cum
595 2107 761 2172 palam
797 2124 969 2156 omnes
997 2107 1148 2156 laturi
1182 2114 1359 2166 essent,
1387 2106 1678 2156 condemna-

97 2200 146 2243 25
170 2195 278 2239 tum
301 2191 376 2240 iri.
450 2189 668 2239 XXVII.
708 2189 941 2238 Manarat
966 2206 1126 2238 sermo
1145 2189 1198 2237 in
1218 2189 1420 2238 consilio
1440 2189 1677 2253 pecuniae
1699 2195 1767 2250 73

171 2271 420 2336 quandam
467 2271 774 2320 mentionem
822 2271 956 2320 inter
1002 2270 1190 2320 iudices
1239 2287 1342 2320 esse
1398 2277 1675 2320 versatam:

226 2396 263 2435 1.
287 2383 382 2444 HS,
399 2406 441 2435 S:
464 2409 546 2435 om.
566 2410 607 2435 ω.
655 2396 694 2436 6.
719 2394 774 2452 iis
851 2395 1142 2446 deyustarant,
1157 2406 1227 2435 S'r:
1250 2394 1287 2435 is
1301 2395 1616 2446 ..Amasim-at,
1630 2410 1672 2435 ω.

172 2461 210 2500 9.
242 2459 381 2499 hilaro
405 2471 477 2500 s'r:
508 2459 655 2509 hilari,
681 2475 721 2500 ω.
787 2460 850 2500 10.
884 2459 1171 2509 blandissime,
1202 2475 1253 2500 w:
1278 2459 1586 2511 placidissime,
1611 2471 1672 2500 ST.

175 2525 236 2564 13.
269 2526 404 2575 mayis
433 2537 574 2576 quam,
600 2535 675 2565 ST:
707 2525 846 2575 mayis
873 2537 974 2565 suae
1003 2537 1147 2576 quam,
1177 2539 1219 2564 ω.
1283 2525 1346 2565 19.
1381 2523 1405 2564 Ι
1434 2524 1546 2564 have
1575 2538 1676 2564 ven-

171 2587 302 2628 turcd
328 2591 375 2628 to
395 2602 568 2629 remove
588 2589 778 2642 entirely
799 2589 912 2629 from
940 2590 1015 2629 the
1036 2593 1134 2629 text
1161 2589 1238 2629 the
1258 2589 1403 2629 words
1424 2590 1618 2640 queritur
1635 2602 1677 2630 86

171 2652 224 2692 ab
253 2652 489 2704 Oppianico
509 2653 754 2694 destitutum
774 2654 916 2694 which
945 2667 1075 2694 occur
1096 2655 1141 2693 in
1161 2653 1222 2693 all
1248 2664 1344 2693 MSS.
1369 2653 1485 2694 after
1505 2654 1676 2694 simula-

173 2723 314 2768 tosque
334 2718 472 2758 vultus
493 2720 580 2768 (see
600 2718 644 2760 N
646 2720 771 2768 otes).
