1820 2956
572 110 704 160 PRO
738 110 803 160 A.
846 111 1205 162 C'LUENTIO.
1570 114 1629 161 51

135 245 361 311 publicae
402 251 737 310 contemptam
781 251 930 309 atque
973 246 1214 295 abiectam
1256 251 1504 311 putarent,
1550 246 1634 296 sed

136 327 268 392 quod
304 333 563 376 accusante
599 327 799 376 tribuno
835 327 993 391 plebis
1029 327 1315 376 condicione
1351 344 1508 392 aequa
1544 328 1636 377 dis-

137 408 319 472 ceptari
366 424 507 472 posse
555 424 653 456 non
703 413 953 472 putarunt.
1030 408 1192 469 Quid?
1239 410 1487 459 conferam
1531 410 1637 459 Sul-

137 489 299 538 lamne
346 507 457 539 cum
505 489 688 538 Iunio?
740 506 802 538 an
851 489 982 538 hunc
1025 491 1281 540 tribunum
1326 491 1482 556 plebis
1524 509 1636 541 cum

89 580 112 625 5
138 570 401 631 Quinctio?
459 588 521 619 an
569 587 687 620 vero
735 576 932 635 tempus
980 588 1092 620 cum
1152 576 1406 637 tempore?
1498 574 1637 623 Sulla

136 651 364 700 maximis
406 652 593 716 opibus,
639 653 873 717 cognatiS,
917 652 1176 712 adfinibus,
1217 655 1515 716 necessariis,
1558 656 1637 704 cli-

137 733 333 782 entibus
381 733 619 797 plurimis,
669 734 789 783 haec
837 739 1003 783 autem
1052 735 1186 798 apud
1234 735 1438 784 Iunium
1485 753 1637 801 parva

136 822 186 865 et
225 816 421 865 infirma
462 822 512 866 et
552 817 706 881 ipsius
744 817 911 866 labore
953 817 1175 881 quaesita
1216 824 1367 882 atque
1405 819 1636 870 collecta:

134 897 214 946 hic
261 898 491 947 tribunus
538 898 697 963 plebis
744 898 1012 957 modestus,
1063 899 1295 963 prudens,
1340 918 1441 950 non
1488 902 1636 952 modo

65 987 113 1016 10
136 996 235 1028 non
277 979 558 1041 seditiosus,
594 980 680 1029 sed
719 981 868 1029 etiam
906 980 1156 1030 seditiosis
1191 981 1515 1042 adversarius,
1556 983 1638 1032 ille

136 1067 303 1110 autem
344 1062 561 1121 acerbus
606 1061 910 1119 criminosus,
955 1062 1206 1126 popularis
1241 1063 1389 1113 homo
1437 1081 1491 1113 ac
1537 1072 1638 1114 tur-

135 1142 398 1192 bulentus:
450 1149 645 1207 tempus
684 1143 776 1192 hoc
819 1143 1143 1207 tranquillum
1191 1150 1341 1209 atque
1388 1152 1635 1210 pacatum,

134 1224 257 1272 illud
317 1225 546 1273 omnibus
604 1225 821 1274 invidiae
879 1226 1260 1288 tempestatibus
1319 1228 1633 1278 concitatum.

136 1307 274 1368 Quae
315 1323 426 1355 cum
467 1307 540 1355 ita
581 1313 758 1367 essent,
803 1307 853 1355 in
897 1307 1081 1356 Fausto
1122 1313 1289 1357 tamen
1337 1309 1410 1357 illi
1451 1309 1637 1359 iudices

65 1392 110 1436 Ῑ5
135 1393 418 1437 statuerunt
442 1389 612 1452 iniqua
637 1389 924 1438 condicione
948 1405 1086 1437 reum
1112 1407 1306 1438 causam
1327 1390 1503 1451 dicere,
1525 1409 1636 1441 cum

135 1470 415 1519 adversario
446 1471 550 1519 eius
584 1470 646 1519 ad
682 1471 758 1519 ius
795 1471 1121 1520 accusationis
1151 1489 1344 1521 summa
1375 1473 1450 1521 vis
1478 1478 1637 1538 potes-

135 1552 253 1601 tatis
278 1552 545 1601 accederet.
607 1551 820 1602 XXXV.
851 1552 1010 1613 Quam
1036 1553 1236 1616 quidem
1261 1554 1506 1603 rationem
1532 1572 1632 1617 vos,
1660 1563 1725 1616 95

135 1633 336 1694 iudices,
381 1633 647 1698 diligenter
687 1652 777 1698 pro
819 1640 985 1684 vestra
1026 1635 1269 1699 sapientia
1316 1642 1367 1684 et
1413 1636 1637 1685 humani-

135 1721 238 1764 tate
286 1716 515 1779 cogitare,
565 1721 616 1764 et
673 1716 872 1780 penitus
931 1716 1206 1780 perspicere
1265 1716 1456 1766 debetis
1515 1719 1636 1782 quid

62 1810 114 1839 20
136 1797 266 1857 mali,
310 1804 553 1861 quantum
596 1797 799 1861 periculi
843 1798 929 1846 uni
972 1799 1148 1862 cuique
1191 1806 1415 1848 nostrum
1455 1801 1635 1850 inferre

133 1879 290 1944 possit
330 1878 405 1928 vis
446 1879 726 1937 tribunicia,
771 1880 982 1929 conflat-a
1024 1882 1312 1944 praesertim
1356 1882 1545 1931 invidia
1586 1889 1636 1932 et

136 1961 448 2010 contionibus
506 1962 738 2010 seditiose
798 1963 1066 2011 concitatis.
1165 1963 1379 2028 Optimis
1438 1965 1635 2014 hercule

137 2044 453 2107 temporibus
504 2050 613 2091 tum
660 2061 773 2092 cum
821 2044 1047 2094 homines
1107 2062 1157 2094 se
1215 2063 1316 2094 non
1370 2047 1635 2096 iactatione

135 2125 376 2190 populari,
416 2125 503 2174 sed
545 2125 790 2190 dignitate
833 2132 981 2190 atque
1023 2126 1309 2175 innocentia
1350 2128 1629 2189 tuebantur,

65 2213 114 2258 25
137 2213 302 2255 tamen
338 2223 426 2256 nec
462 2207 515 2255 P.
557 2207 780 2272 Popilius
816 2225 977 2272 neque
1015 2208 1071 2269 Q.
1099 2209 1348 2269 Metellus,
1376 2210 1634 2259 clarissimi

189 2317 227 2357 3.
256 2330 390 2368 posse,
415 2329 442 2357 P
462 2317 550 2357 and
571 2333 601 2357 ω
621 2334 630 2358 :
652 2317 829 2369 publice,
856 2330 927 2358 ST:
954 2331 1072 2369 posse
1093 2319 1300 2370 populum
1321 2333 1356 2359 r.
1385 2319 1470 2369 (i.e.
1496 2320 1635 2361 Roma

135 2387 269 2436 num),
305 2397 344 2426 1³⁸.
418 2392 643 2438 putarunt,
681 2398 756 2427 s'r:
805 2393 1075 2438 putaverunt,
1112 2402 1152 2427 ω.
1234 2387 1349 2437 Quid
1387 2388 1635 2439 conferam?

136 2451 351 2491 Sullamne
371 2464 466 2491 cum
485 2451 515 2491 I
513 2451 626 2500 unio,
649 2452 891 2501 Manutius,
909 2452 1085 2500 Miiller,
1102 2452 1322 2492 Faussett.
1374 2454 1411 2493 9.
1425 2454 1630 2504 prudens,

137 2515 281 2555 codd.:
301 2517 477 2567 pudem,
494 2520 608 2557 most
628 2516 726 2557 edd.
782 2518 843 2557 12.
863 2523 1082 2568 pacatum,
1100 2529 1126 2556 P
1143 2517 1227 2556 and
1252 2533 1280 2556 ω
1297 2533 1305 2557 :
1331 2518 1568 2568 placatum,
1585 2530 1634 2559 ST

138 2581 270 2630 (§138,
303 2579 357 2631 7).
433 2582 494 2621 18.
529 2587 565 2621 et
594 2581 871 2630 humanitate,
895 2595 976 2622 om.
1002 2593 1076 2622 s'r:
1100 2582 1199 2621 secl.
1226 2582 1389 2630 Baiter,
1414 2582 1628 2624 Faussett.

138 2647 201 2686 20.
236 2651 430 2694 vestrum,
456 2657 516 2686 ST.
577 2647 642 2686 25.
678 2647 906 2686 clarissimi
932 2653 1057 2698 atque
1084 2647 1338 2698 amplissimi
1361 2646 1458 2696 viri,
1487 2663 1517 2687 ω
1543 2650 1627 2702 (ep.

139 2714 240 2751 note
260 2723 314 2749 on
335 2710 489 2762 ipsam,
515 2714 534 2759 ἓ
555 2713 636 2761 81).
