1820 2956
593 130 725 181 PRO
764 130 829 180 A.
873 129 1228 179 CLUENTIO.
1609 128 1667 174 15

167 271 348 320 liberos
389 268 621 318 amittere
662 264 937 314 iucundum
976 279 1082 312 esse
1123 261 1288 311 duxit.
1365 261 1427 310 X.
1480 260 1666 320 Senti0‚
1693 262 1758 313 29

167 351 367 411 iudices,
413 366 500 398 vos
542 364 633 413 pro
675 354 842 395 vestra
884 344 1198 393 humanitate
1240 343 1318 391 his
1359 343 1514 390 tantis
1557 341 1672 389 scel-

169 432 334 482 eribus
370 431 592 480 breviter
627 446 656 477 a
688 444 768 476 me
804 427 1163 475 demonstratis
1204 424 1529 474 vehementer
1565 439 1670 471 esse

169 520 476 564 commotos:
530 528 629 576 quo
682 510 888 559 tandem
940 509 1096 574 igitur
1148 509 1315 556 animo
1362 507 1514 555 fuisse
1560 505 1671 555 illos

123 617 144 660 5
169 594 481 645 arbitramini
529 593 710 658 quibus
758 592 828 640 eis
876 591 939 640 de
986 591 1135 639 rebus
1195 606 1296 638 non
1343 588 1492 637 modo
1538 587 1671 636 audi-

170 678 353 727 endum
386 677 497 736 fuit,
526 692 698 724 verum
734 674 884 722 etiam
917 672 1277 721 iudicandum?
1348 671 1452 720 Vos
1487 670 1673 719 auditis

169 759 233 808 de
269 775 326 808 eo
366 759 419 807 in
460 774 609 821 quem
650 755 838 804 iudices
881 771 981 803 non
1023 754 1155 814 estis,
1183 753 1246 802 de
1288 769 1347 802 eo
1388 769 1537 816 quem
1573 768 1674 800 non

170 840 365 900 videtis,
399 839 462 887 de
501 855 559 887 eo
597 854 745 902 quem
785 836 948 885 odisse
986 836 1086 884 iam
1125 851 1226 884 non
1263 834 1490 899 potestis,
1518 834 1580 883 de
1617 849 1674 882 eo

171 921 257 985 qui
299 927 350 970 et
390 926 599 968 naturae
647 925 699 968 et
745 918 940 982 legibus
982 917 1103 966 satis
1144 917 1499 979 fecit,——quem
1540 916 1674 980 leges

102 1025 148 1052 10
172 1001 361 1070 exsilio,
422 1007 603 1049 natura
661 1005 822 1049 morte
881 998 1150 1046 multavit:
1209 998 1396 1046 auditis
1455 1014 1555 1046 non
1612 998 1676 1046 ab

171 1084 387 1143 inimico,
430 1083 615 1132 auditis
658 1083 764 1130 sine
805 1081 1034 1139 testibus,
1073 1080 1258 1128 auditis
1301 1097 1412 1128 cum
1455 1097 1512 1129 ea
1549 1097 1676 1144 quae

173 1167 508 1231 copiosissime
546 1165 644 1213 dici
682 1169 894 1230 possunt
924 1163 1147 1211 breviter
1178 1179 1208 1210 a
1244 1179 1323 1211 me
1364 1162 1676 1225 strictimque

173 1249 423 1298 dicuntur.
518 1246 601 1294 Illi
664 1245 938 1294 audiebant
995 1244 1058 1293 de
1124 1260 1182 1292 eo
1245 1243 1309 1292 de
1368 1260 1467 1307 quo
1525 1243 1677 1292 iurati

174 1330 449 1381 sententias
496 1329 626 1378 ferre
674 1327 938 1387 debebant,
990 1326 1052 1375 de
1101 1342 1159 1375 eo
1206 1326 1346 1374 cuius
1401 1326 1678 1390 praesentis

103 1431 150 1475 15
175 1413 439 1462 nefarium·
463 1417 515 1460 et
556 1409 947 1459 consceleratum
989 1407 1188 1456 vultum
1228 1408 1571 1468 intuebantur,
1616 1407 1678 1456 de

175 1511 234 1544 eo
274 1510 424 1558 quem
466 1508 636 1541 omnes
685 1491 898 1540 oderant
944 1496 1152 1555 propter
1199 1489 1470 1550 audaciam,
1515 1490 1578 1538 de
1621 1506 1679 1538 eo

176 1593 325 1641 quem
363 1574 499 1623 omni
538 1573 782 1637 supplicio
821 1572 1030 1637 dignum
1069 1588 1174 1620 esse
1216 1571 1496 1621 ducebant:
1543 1571 1680 1620 audi-

177 1658 328 1708 ebant
367 1656 430 1705 ab
471 1655 855 1714 accusatoribus,
901 1653 1177 1702 audiebant
1212 1654 1364 1703 verba
1404 1654 1680 1702 multorum

176 1739 397 1799 testium,
446 1736 720 1786 audiebant
766 1753 878 1785 cum
925 1752 1027 1784 una
1074 1752 1271 1799 quaque
1330 1735 1394 1784 de
1445 1752 1499 1784 re
1546 1753 1576 1784 a
1622 1736 1675 1785 P.

103 1845 156 1874 20
179 1820 444 1880 Cannutio,
489 1819 692 1868 homine
742 1817 1165 1882 eloquentissimo,
1211 1818 1434 1883 graviter
1489 1824 1540 1866 et
1594 1818 1681 1866 diu

178 1902 440 1952 diceretur.
507 1900 574 1949 Et
598 1906 675 1949 est
698 1900 963 1964 quisquam
982 1899 1084 1964 qui,
1106 1917 1218 1948 cum
1238 1900 1358 1948 haec
1378 1900 1679 1964 cognoverit,
1708 1910 1773 1962 30

179 1983 418 2049 suspicari
465 1982 624 2048 possit
675 1981 1008 2046 Oppianicum
1059 1981 1245 2031 iudicio
1292 1998 1584 2047 oppressum
1633 1988 1684 2031 et

180 2068 574 2116 circumventum
611 2080 718 2113 esse
752 2064 1109 2113 innocentem?

247 2147 536 2197 Acervatim
577 2147 677 2195 iam
717 2145 924 2208 reliqua,
967 2145 1170 2206 iudices,
1209 2144 1384 2205 dicam,
1423 2151 1482 2193 ut
1523 2145 1586 2194 ad
1628 2162 1684 2194 ea

106 2253 156 2296 25
181 2245 307 2294 quae
354 2228 587 2293 propiora
634 2227 838 2276 huiusce
886 2243 1061 2275 causae
1109 2232 1160 2276 et
1204 2226 1519 2276 adiunctiora
1567 2233 1686 2275 sunt

181 2311 501 2376 perveniam:
535 2325 623 2358 vos
661 2325 844 2372 quaeso
884 2309 1123 2357 memoria
1164 2308 1378 2357 teneatis
1404 2325 1520 2369 [non
1562 2308 1685 2366 mihi

182 2393 274 2443 hoc
312 2409 418 2442 esse
466 2390 774 2456 propositum
819 2398 877 2440 ut
917 2406 1142 2439 accusem
1190 2389 1520 2454 Oppianicum
1562 2407 1687 2439 mor-

182 2481 342 2534 tuum,
378 2473 465 2523 sed
490 2489 603 2522 cum
634 2472 727 2522 1106
759 2472 1060 2537 persuadere
1086 2472 1227 2521 vobis
1252 2471 1417 2533 velim,
1445 2472 1686 2521 iudicium

183 2556 246 2606 ab
277 2555 370 2604 hoc
405 2571 505 2604 non
541 2570 647 2604 esse
684 2559 988 2618 corruptum,
1018 2554 1110 2603 hoc
1141 2553 1218 2602 uti
1249 2553 1395 2602 initio
1417 2555 1483 2602 'ac
1516 2553 1688 2602 funda-

241 2660 274 2699 1.
301 2657 547 2706 iucundum,
578 2668 688 2698 S'l'M:
718 2657 958 2706 iucundius,
982 2668 1008 2696 F
1035 2656 1137 2707 (and
1166 2656 1389 2709 Ramsay).
1453 2658 1517 2696 12.
1549 2670 1578 2697 α
1606 2669 1683 2705 me,

185 2726 267 2753 om.
312 2723 373 2752 ετ.
450 2712 511 2752 16.
551 2724 704 2760 omnes,
746 2722 796 2751 ST
821 2710 895 2751 b2:
944 2725 1025 2750 om.
1071 2726 1114 2749 ω.
1190 2711 1255 2750 25.
1291 2710 1540 2762 propriora,
1583 2722 1681 2751 s'rM.

186 2766 370 2815 huiusce,
394 2776 443 2806 s:
474 2764 613 2813 huius,
637 2775 755 2805 er.
817 2764 882 2808 27.
907 2771 1122 2805 mortuum
1141 2763 1364 2812 hominem,
1388 2775 1447 2805 ST.
