1858 2956
206 119 268 167 90
644 118 770 169 PRO
806 120 870 168 A.
913 118 1269 170 CLUENTIO.

203 269 351 316 quam
375 255 533 301 multa
558 270 586 301 a
609 270 687 301 me
712 253 846 302 dicta
869 253 971 302 sint
996 271 1120 318 quae
1140 254 1202 302 ad
1222 254 1369 303 huius
1389 254 1692 305 voluntatem

204 334 430 393 maxime,
451 333 515 382 ad
540 340 758 383 vestrum
785 334 1022 383 iudicium
1047 335 1249 383 minime
1273 335 1591 399 pertinerent.

81 410 179 462 165
270 414 533 464 Obiectum
575 421 650 463 est
691 415 745 464 G.
782 415 987 464 Vibium
1027 416 1370 480 Cappadocem
1409 417 1470 466 ab
1506 417 1598 466 hoc
1634 417 1691 465 A.

205 495 435 545 Cluentio
483 512 673 545 veneno
721 513 826 546 esse
868 498 1132 546 sublatum.
1222 497 1511 561 Opportune
1558 498 1697 546 adest

202 576 348 625 homo
382 594 574 625 summa
605 577 701 626 fide
726 584 776 626 et
809 579 943 626 omni
969 579 1156 627 virtute
1185 578 1453 642 praeditus,
1481 578 1537 627 L.
1562 578 1699 627 Plae-
1749 597 1772 640 5

203 659 372 718 torius,
397 665 608 719 senator,
629 659 713 722 qui
738 654 871 707 illius
888 659 1006 708 Vibi
1030 659 1208 723 hospes
1232 659 1329 708 fuit
1353 666 1403 708 et
1428 660 1691 708 familiaris.

202 739 353 803 Apud
392 739 522 788 hunc
560 739 644 788 ille
686 740 873 789 Romae
908 739 1168 801 habitavit,
1201 741 1334 805 apud
1370 741 1500 789 hunc
1535 757 1696 805 aegro-

201 821 341 881 tavit,
361 820 508 870 huius
533 821 669 869 domi
690 828 764 869 est
784 827 1020 870 mortuus.
1076 823 1146 871 At
1164 822 1305 871 heres
1326 829 1400 871 est
1420 822 1692 872 Cluentius.

202 901 502 950 Intestatum
538 901 649 951 dico
682 919 786 951 esse
818 909 1070 951 mortuum
1106 903 1561 968 possessionemque
1594 904 1697 952 eius

200 982 457 1042 bonorum,
486 1000 548 1031 ex
573 983 735 1031 edicto
768 984 1022 1047 praetoris,
1050 983 1181 1042 huic,
1209 984 1340 1033 illius
1369 985 1546 1033 sororis
1579 985 1692 1043 filio,
1725 1005 1774 1034 10

199 1063 504 1112 adulescenti
533 1064 893 1127 pudentissimo
926 1070 977 1113 et
1005 1064 1055 1113 in
1081 1065 1254 1128 primis
1285 1065 1507 1124 honesto,
1541 1065 1694 1130 equiti

200 1144 425 1193 Romano
451 1144 633 1205 datam,
663 1145 904 1194 Numerio
930 1145 1175 1206 Cluentio,
1205 1162 1353 1210 quem
1378 1146 1568 1195 videtis.

78 1227 177 1280 166
267 1226 496 1275 Alterum
537 1226 759 1275 veneficii
807 1227 990 1274 crimen
1038 1226 1312 1290 Oppianico
1360 1228 1474 1276 huic
1512 1227 1698 1277 adules-

200 1309 342 1368 centi,
373 1325 483 1356 cum
509 1308 615 1356 eius
639 1308 688 1356 in
716 1308 906 1371 nuptiis
931 1325 1066 1357 more
1090 1308 1401 1357 Larinatium
1426 1309 1696 1359 multitudo

199 1389 458 1438 hominum
496 1388 778 1453 pranderet,
818 1406 1067 1438 venenum
1110 1389 1285 1438 Habiti
1323 1390 1525 1438 consilio
1562 1407 1681 1455 para
1725 1406 1770 1448 15

201 1477 306 1519 tum
327 1489 340 1531 3
376 1470 428 1518 id
462 1486 573 1518 cum
602 1469 807 1518 daretur
831 1470 882 1518 in
907 1470 1080 1531 mulso,
1110 1470 1397 1519 Balbutium
1434 1471 1692 1535 quendam,

200 1552 303 1599 eius
338 1550 644 1609 familiarem,
684 1550 1017 1615 intercepisse,
1056 1551 1252 1611 bibisse,
1291 1551 1558 1616 statimque
1594 1568 1696 1601 esse

201 1638 465 1680 mortuum.
557 1632 664 1680 Hoc
713 1648 803 1696 ego
846 1632 886 1680 si
928 1632 996 1681 sic
1038 1649 1231 1696 agerem
1279 1639 1533 1697 tamquam
1574 1633 1696 1681 mihi

201 1714 385 1761 crimen
412 1721 540 1761 esset
565 1713 872 1773 diluendum,
901 1713 1020 1761 haec
1048 1713 1273 1777 pluribus
1297 1714 1459 1762 verbis
1485 1714 1697 1763 dicerem

78 1809 178 1863 167
201 1811 288 1858 per
329 1811 453 1858 quae
492 1811 624 1843 nunc
667 1795 833 1858 paucis
874 1795 1119 1858 percurrit
1158 1795 1314 1844 oratio
1354 1812 1477 1844 mea.
1564 1795 1695 1856 Quid
1721 1812 1774 1841 20

200 1892 437 1938 umquam
474 1875 693 1923 Habitus
722 1875 775 1923 in
804 1892 856 1924 se
885 1875 1086 1923 admisit
1114 1882 1173 1923 ut
1202 1876 1294 1924 hoc
1324 1882 1519 1924 tantum
1550 1876 1611 1925 ab
1640 1893 1696 1925 eo

201 1957 391 2006 facinus
428 1973 526 2005 non
564 1956 830 2005 abhorrere
864 1955 1127 2004 videatur?
1160 1956 1280 2020 quid
1316 1963 1481 2004 autem
1518 1973 1697 2021 magno

202 2055 346 2102 opere
372 2037 698 2102 Oppianicum
725 2038 992 2097 metuebat,
1021 2054 1133 2086 cum
1158 2037 1240 2086 ille
1266 2038 1471 2086 verbum
1496 2039 1697 2087 omnino

202 2120 253 2168 in
289 2120 379 2168 hac
413 2120 520 2183 ipsa
549 2135 694 2167 causa
730 2118 922 2167 nullum
948 2119 1106 2168 facere
1131 2120 1364 2183 potuerit,
1393 2119 1507 2168 huic
1532 2130 1698 2169 autem

203 2206 507 2249 accusatores
543 2201 658 2248 viva
693 2206 851 2249 matre
888 2200 1056 2249 deesse
1092 2218 1190 2249 non
1226 2202 1450 2264 possint?
1488 2201 1539 2250 id
1564 2201 1697 2266 quod
1721 2213 1771 2256 25

203 2282 299 2329 iam
326 2281 639 2345 intellegetis.
713 2281 796 2329 An
832 2288 889 2329 ut
925 2280 986 2329 de
1023 2298 1168 2329 causa
1205 2282 1310 2330 eius
1343 2282 1547 2345 periculi
1573 2282 1697 2330 nihil

204 2362 475 2422 decederet,
538 2361 601 2410 ad
659 2378 856 2410 causam
915 2378 1099 2410 novum
1170 2362 1352 2410 crimen
1412 2363 1699 2412 accederet?

257 2511 294 2551 3.
332 2510 395 2559 C.,
428 2525 483 2550 w:
515 2523 596 2550 om.
631 2521 691 2550 s'r.
755 2509 1066 2562 Cappadocem,
1099 2522 1174 2550 s'r:
1207 2510 1429 2562 Capacem,
1463 2527 1504 2552 ω.
1565 2513 1602 2552 8.
1636 2512 1697 2552 Aa

207 2577 296 2624 (auc
316 2574 461 2624 codd.)
482 2575 597 2614 heres
616 2580 672 2614 esc
694 2574 922 2624 Cluentius,
947 2588 1028 2615 om.
1054 2586 1129 2615 s'rF
1148 2574 1234 2614 and
1254 2575 1351 2615 edd.
1415 2576 1476 2619 17.
1501 2575 1694 2627 [bibisseL

205 2639 428 2692 Pluygers.
492 2640 555 2679 19.
580 2639 712 2679 verbis
732 2652 814 2679 om.
840 2639 988 2688 Quint.
1014 2639 1070 2678 ix.
1095 2639 1133 2678 2.
1158 2641 1223 2679 48.
1283 2640 1348 2680 20.
1380 2653 1458 2691 per
1476 2654 1597 2692 quae,
1620 2652 1695 2682 S'r:

205 2716 325 2756 quae,
350 2719 391 2743 ω.
