1858 2956
184 135 276 181 102
616 135 745 184 PRO
778 136 843 184 A.
886 136 964 185 cL
975 121 1243 187 UENTJ'O.

178 266 455 316 Fabriciani
504 268 694 317 veneni.
791 268 936 329 Quod
982 270 1082 318 iam
1128 276 1237 318 tum
1293 287 1462 320 recens
1519 271 1672 336 suspi-

178 348 364 397 ciosum
406 349 594 408 ceteris,
629 349 744 398 huic
782 349 1082 411 incredibile,
1121 368 1253 400 nunc
1290 368 1408 400 vero
1446 358 1672 416 apertum

178 429 274 478 iam
300 430 526 478 omnibus
551 447 606 478 ac
631 430 947 479 manifestum
972 431 1198 482 videtur:
1228 449 1328 481 non
1353 439 1429 498 est
1452 433 1671 497 profecto

178 511 238 559 de
263 511 347 559 illo
374 528 563 560 veneno
589 511 747 560 celata
771 518 943 560 mater.
1015 512 1159 561 Nihil
1195 520 1271 562 est
1305 514 1368 562 ab
1398 513 1671 578 Oppianico

178 591 281 639 sine
311 591 515 640 consilio
544 592 764 641 mulieris
795 593 1069 657 cogitatum
1085 614 1098 655 3
1135 594 1268 657 quod
1298 595 1339 643 si
1373 600 1515 655 esset,
1542 600 1672 643 certe
1724 609 1748 654 5

178 678 361 736 postea,
405 672 712 736 deprehensa
757 690 823 733 re,
862 690 963 722 non
1009 674 1094 723 illa
1136 682 1194 723 ut
1235 692 1262 724 a
1300 676 1407 725 viro
1447 676 1673 740 improbo

177 751 491 814 discessisset,
542 753 630 802 sed
688 761 746 802 ut
794 771 823 803 a
868 754 1209 804 crudelissimo
1267 756 1409 805 hoste
1467 756 1674 821 fugisset

176 833 476 898 domumque
523 834 659 883 illam
706 835 757 883 in
804 843 1100 899 perpetuum
1159 837 1395 886 scelerum
1453 838 1672 887 omnium

55 912 153 964 190
176 915 478 964 adfluentem
514 916 807 980 reliquisset.
881 917 997 965 Non
1034 917 1181 966 modo
1211 918 1263 966 id
1295 935 1396 966 non
1428 919 1558 979 fecit,
1587 918 1671 968 sed
1726 909 1729 913 ¹

176 996 237 1044 ab
280 996 365 1044 illo
407 1003 630 1060 tempore
671 997 864 1045 nullum
905 997 1068 1046 locum
1110 999 1443 1062 praetermisit
1482 999 1534 1047 in
1577 1016 1673 1064 quo
1700 1020 1751 1051 10

176 1094 276 1125 non
324 1084 538 1126 strueret
584 1077 790 1126 insidias
831 1078 1023 1142 aliquas
1064 1096 1118 1128 ac
1160 1079 1265 1128 dies
1307 1097 1477 1129 omnes
1525 1087 1674 1144 atque

176 1165 345 1207 noctes
386 1165 494 1208 tota
532 1166 697 1208 mente
739 1166 898 1209 mater
932 1160 994 1209 de
1035 1162 1251 1224 pernicie
1287 1162 1377 1210 filii
1419 1162 1669 1227 cogitaret.

177 1239 312 1300 Quae
334 1239 550 1303 primum
569 1246 626 1288 ut
638 1240 783 1289 illum
803 1241 1117 1291 confirmaret
1136 1242 1467 1306 Oppianicum
1486 1260 1676 1293 accusa-

177 1326 334 1369 torem
370 1321 472 1386 filio
510 1338 612 1381 suo,
652 1321 808 1382 donis,
848 1324 1151 1383 muneribus,
1185 1324 1504 1374 collocatione
1530 1325 1671 1385 filiae,

175 1419 260 1465 spe
302 1402 596 1451 hereditatis
635 1403 921 1453 obstrinxit.
993 1403 1204 1454 LXVII.
1249 1405 1329 1455 Ita
1366 1405 1499 1470 quod
1542 1407 1674 1470 apud
1701 1422 1748 1466 15

176 1492 363 1533 ceteros
403 1485 547 1533 novis
587 1485 720 1534 inter
762 1486 1064 1550 propinquos
1112 1488 1353 1551 susceptis
1399 1487 1674 1537 inimicitiis

176 1582 320 1629 saepe
358 1566 463 1614 fieri
502 1565 718 1615 divortia
756 1572 906 1631 atque
946 1567 1262 1616 adfinitatum
1301 1568 1509 1617 discidia
1543 1569 1676 1618 vide-

176 1664 299 1708 mus,
328 1647 447 1696 haec
482 1648 658 1696 mulier
694 1648 812 1697 satis
849 1650 1046 1697 firmum
1082 1656 1417 1698 accusatorem
1452 1649 1555 1698 filio
1586 1666 1674 1699 suo

175 1728 278 1776 fore
337 1729 584 1777 neminem
643 1730 855 1793 putavit,
907 1730 1001 1778 nisi
1060 1731 1145 1794 qui
1204 1731 1256 1779 in
1302 1730 1674 1780 matrimonium

177 1826 393 1858 sororem
418 1810 523 1858 eius
547 1815 693 1858 antea
717 1809 956 1859 duxisset.
1031 1810 1196 1860 Ceteri
1231 1812 1373 1861 novis
1408 1811 1675 1861 adfinitati·
1698 1830 1751 1859 20

177 1891 270 1939 bus
306 1890 509 1939 adducti
546 1896 738 1939 veteres
776 1891 1060 1940 inimicitias
1098 1909 1242 1956 saepe
1268 1892 1555 1957 deponunt:
1590 1893 1674 1942 illa

177 1972 270 2020 sibi
313 1971 375 2020 ad
418 1972 778 2021 confirmandas
820 1972 1105 2022 inimicitias
1144 1973 1416 2023 adfinitatis
1451 1973 1676 2023 coniunc-

57 2051 154 2103 191
178 2054 364 2102 tionem
411 2053 605 2117 pignori
652 2054 756 2102 fore
803 2054 1014 2117 putavit.
1088 2054 1264 2118 Neque
1312 2055 1365 2103 in
1411 2072 1468 2104 eo
1516 2056 1675 2104 solum

178 2133 389 2198 diligens
413 2134 509 2182 fuit
534 2141 590 2182 ut
615 2142 947 2183 accusatorem
978 2135 1080 2184 filio
1116 2152 1204 2184 suo
1242 2142 1562 2200 compararet,
1589 2136 1675 2185 sed

178 2215 329 2263 etiam
375 2215 612 2280 cogitavit
659 2215 840 2279 quibus
886 2232 999 2264 eum
1045 2216 1191 2265 rebus
1238 2222 1462 2266 armaret.
1543 2217 1675 2265 Hinc
1698 2231 1749 2274 25

180 2296 312 2344 enim
347 2295 460 2344 illae
504 2295 875 2344 sollicitationes
917 2313 1172 2345 servorum
1208 2303 1259 2345 et
1295 2297 1442 2346 minis
1479 2303 1529 2346 et
1569 2314 1676 2361 pro-

179 2377 351 2438 missis,
381 2377 495 2426 hinc
531 2377 644 2427 illae
680 2377 904 2426 infinitae
941 2377 1401 2442 crudelissimaeque
1431 2378 1493 2427 de
1518 2384 1675 2427 morte

234 2532 272 2572 5.
315 2531 365 2580 si,
407 2543 482 2572 S'r:
530 2531 615 2571 nisi
654 2532 730 2580 (ni,
773 2531 1014 2580 Manutius,
1058 2531 1324 2581 Lambinus).
1398 2533 1436 2572 8.
1479 2532 1677 2572 scelerum

181 2597 379 2644 omnium,
412 2607 488 2636 sr:
532 2597 679 2636 scelere
707 2595 835 2645 omni,
869 2611 911 2636 ω.
976 2597 1037 2636 ll.
1071 2602 1247 2636 strueret
1264 2596 1373 2647 filio,
1406 2607 1444 2636 Τ.
1509 2597 1569 2636 15.
1603 2596 1677 2635 Ita

181 2661 306 2711 quod,
339 2672 478 2700 srrm:
510 2660 664 2709 itaque,
697 2673 814 2700 some
843 2659 940 2700 edd.
975 2661 1058 2712 (cp.
1086 2662 1108 2708 ξ
1135 2661 1218 2709 28).
1282 2661 1344 2703 17.
1378 2659 1578 2708 videmus,
1611 2671 1674 2702 M:

181 2723 378 2772 vidimus,
401 2735 488 2764 STF.
