1858 2956
198 153 259 200 98
632 149 760 198 PRO
796 147 860 197 A.
904 148 981 197 CL
993 147 1262 196 UENTIO.

193 284 477 349 postulavit.
553 283 855 347 Oppianicus
879 283 1039 346 primo
1064 280 1338 330 recusavit:
1368 284 1552 344 postea,
1581 295 1691 327 cum

192 365 278 414 illa
302 365 626 414 abducturam
662 381 714 412 se
750 363 915 424 filiam,
949 368 1254 411 mutaturam
1291 378 1394 411 esse
1430 367 1691 410 testamen·

193 452 302 496 tum
337 446 624 505 minaretur,
652 445 849 494 mulieri
885 444 1253 494 crudelissimae
1290 460 1486 511 servum
1517 443 1694 491 fidelis-

194 528 373 576 simum
397 543 499 575 non
523 527 575 574 in
595 527 935 590 quaestionem
960 526 1091 587 tulit,
1115 525 1200 574 sed
1227 525 1373 588 plane
1398 525 1460 573 ad
1487 524 1693 589 supplic-

73 606 172 658 182
194 608 297 656 ium
339 607 544 657 dedidit.
640 607 796 657 LXV.
841 608 962 656 Post
1003 607 1276 656 triennium
1318 607 1470 671 igitur
1507 606 1695 671 agitata
1745 618 1769 663 5

193 688 359 737 denuo
378 688 602 752 quaestio
622 688 684 737 de
702 689 796 736 viri
817 694 977 737 morte
996 688 1286 736 habebatur.
1348 687 1414 735 Et
1433 687 1495 736 de
1515 687 1694 751 quibus

194 770 348 818 servis
394 769 708 819 habebatur?
795 769 953 828 Nova,
997 768 1156 829 credo,
1202 785 1279 816 res
1327 768 1532 827 obiecta,
1577 767 1694 816 novi

195 850 398 914 quidam
444 850 667 899 homines
715 851 768 898 in
817 850 1143 914 suspicionem
1190 850 1355 898 vocati
1402 855 1532 898 sunt.
1618 849 1694 898 De

196 932 428 981 Stratone
454 938 504 981 et
529 932 590 981 de
614 932 911 981 Nicostrato.
983 931 1146 993 Quid?
1204 932 1392 980 Romae
1417 932 1695 995 quaesitum

195 1015 256 1064 de
281 1014 390 1063 istis
413 1014 699 1063 hominibus
724 1031 824 1062 non
850 1015 992 1062 erat?
1050 1013 1195 1062 Itane
1220 1013 1457 1062 tandem?
1514 1012 1696 1061 Mulier
1722 1028 1772 1058 10

194 1097 294 1145 iam
318 1112 419 1144 non
444 1096 630 1156 morbo,
661 1095 748 1144 sed
773 1095 953 1144 scelere
978 1096 1177 1155 furiosa,
1207 1112 1316 1143 cum
1354 1095 1695 1159 quaestionem

194 1176 448 1226 habuisset
495 1177 696 1237 Romae,
748 1194 861 1225 cum
908 1176 970 1225 de
1018 1177 1073 1225 T.
1118 1175 1269 1234 Anni,
1319 1176 1374 1225 L.
1419 1176 1592 1236 Rutili,
1638 1176 1691 1224 P.

197 1257 377 1316 Saturi,
406 1263 682 1307 ceterorum
706 1257 1172 1307 honestissimorum
1195 1258 1417 1306 virorum
1451 1258 1698 1306 sententia

196 1339 525 1388 constitutum
549 1345 679 1388 esset
708 1340 826 1388 satis
853 1340 1134 1404 quaesitum
1159 1339 1331 1400 videri,
1362 1339 1534 1388 eadem
1559 1340 1620 1388 de
1645 1357 1697 1388 re

196 1419 412 1468 triennio
460 1426 585 1484 post,
631 1419 789 1468 isdem
837 1420 898 1469 de
945 1421 1243 1480 hominibus,
1287 1420 1424 1469 nullo
1472 1420 1696 1469 adhibito
1724 1430 1771 1474 15

196 1517 296 1550 non
338 1501 498 1550 dicam
537 1501 657 1562 viro,
700 1518 763 1550 ne
805 1502 1034 1550 colonum
1077 1502 1206 1550 forte
1247 1502 1463 1551 adfuisse
1505 1502 1694 1564 dicatis,

198 1582 285 1631 sed
330 1583 460 1631 bono
507 1583 628 1642 viro,
679 1583 731 1630 in
779 1583 868 1631 filii
917 1588 1067 1647 caput
1114 1584 1459 1647 quaestionem
1515 1583 1697 1632 habere

77 1666 176 1718 183
198 1668 374 1712 conata
421 1665 532 1712 est?
613 1663 696 1711 An
742 1663 834 1712 hoc
881 1663 1044 1712 dicitis
1089 1663 1232 1729 (mihi
1280 1664 1413 1713 enim
1460 1665 1599 1713 venit
1643 1665 1698 1712 in

197 1751 416 1794 mentem
457 1745 578 1809 quid
620 1745 717 1793 dici
758 1746 927 1809 possit,
973 1746 1175 1794 tametsi
1216 1745 1278 1795 ab
1319 1746 1411 1794 hoc
1452 1763 1553 1794 non
1595 1763 1698 1794 esse

197 1827 289 1875 hoc
336 1827 526 1875 dictum
583 1826 920 1892 mementote),
972 1844 1083 1876 cum
1142 1827 1408 1876 haberetur
1456 1827 1517 1876 de
1563 1827 1697 1876 furto
1721 1837 1774 1867 20

198 1908 434 1972 quaestio,
486 1908 771 1957 Stratonem
831 1908 1018 1972 aliquid
1079 1909 1139 1958 de
1198 1925 1390 1958 veneno
1439 1925 1543 1957 esse
1590 1925 1698 1957 con-

198 1990 423 2038 fessum?
490 1989 600 2038 Hoc
642 2006 740 2038 uno
783 1989 945 2050 modo,
991 1990 1190 2049 iudices,
1234 2006 1378 2053 saepe
1426 1989 1695 2038 multorum

197 2070 518 2134 improbitate
557 2070 788 2134 depressa
825 2071 1008 2119 veritas
1048 2071 1256 2135 emergit
1297 2077 1348 2119 et
1385 2071 1697 2119 innocentiae

200 2151 420 2201 defensio
477 2151 743 2200 interclusa
800 2151 1025 2214 respirat,
1075 2150 1210 2215 quod
1269 2157 1356 2200 aut
1410 2151 1447 2199 ii
1499 2151 1585 2215 qui
1636 2150 1697 2199 ad

199 2233 423 2282 fraudem
466 2232 631 2281 callidi
672 2238 790 2281 sunt
830 2249 931 2281 non
979 2238 1177 2281 tantum
1225 2232 1412 2281 audent
1453 2238 1697 2296 quantum
1721 2237 1772 2281 25

200 2315 498 2379 excogitant,
549 2320 636 2362 aut
692 2314 728 2361 ii
781 2330 990 2377 quorum
1049 2314 1235 2362 eminet
1294 2312 1499 2362 audacia
1550 2319 1698 2376 atque

256 2481 292 2520 1.
321 2485 470 2530 postea
498 2492 605 2527 cum,
639 2478 735 2518 edd.
761 2493 770 2518 :
800 2483 950 2529 postea
978 2491 1121 2529 quam.
1152 2477 1276 2518 codd.
1338 2479 1376 2518 4.
1411 2477 1518 2525 tulit,
1550 2476 1696 2517 codd:

200 2543 362 2593 detulit,
379 2544 636 2592 Mommsen,
656 2543 829 2583 Muller.
881 2543 918 2583 5.
945 2542 1120 2591 dedidit,
1138 2541 1401 2582 Arusianus:
1422 2541 1552 2590 dedic,
1570 2541 1692 2581 codd.

200 2609 238 2650 6.
271 2608 421 2657 denuo,
453 2608 587 2648 Halm
615 2607 702 2647 and
731 2607 849 2647 edd.:
880 2606 1072 2658 denique,
1105 2606 1228 2646 codd.
1292 2607 1354 2646 12.
1389 2605 1608 2652 habuisset,
1641 2620 1696 2646 w:

201 2671 425 2722 habuisses,
443 2683 504 2712 sm.
560 2673 621 2713 18.
647 2676 799 2712 conata
818 2677 890 2719 cst,
914 2686 964 2711 w:
996 2677 1149 2711 conata
1168 2683 1221 2719 es,
1245 2682 1305 2711 s'r.
1362 2671 1422 2710 19.
1447 2669 1501 2709 ab
1522 2670 1609 2718 hoc,
1631 2681 1695 2710 s'r:

201 2737 355 2785 adhuc,
380 2752 421 2776 ω.
483 2749 566 2776 esse
586 2736 674 2785 hoc,
698 2747 773 2777 S'r:
805 2741 916 2784 esset,
943 2750 983 2775 ω.
