1820 2956
105 206 110 212 .
147 131 208 175 22
579 130 707 178 PRO
748 130 812 178 A.
855 130 1212 179 OLUENTIO.

143 269 265 310 runt
285 281 299 323 3
363 280 474 310 cum
535 262 622 310 illo
682 279 827 311 nemo
878 264 977 311 iam
1024 264 1282 321 rationem,
1332 279 1479 312 nemo
1536 279 1641 311 rem

143 343 298 392 ullam
336 343 661 392 contrahebat
678 362 691 404 3
728 360 873 392 nemo
905 343 1048 392 illum
1081 360 1142 392 ex
1180 350 1284 391 tam
1326 343 1497 391 multis
1536 359 1643 405 cog-

144 425 276 473 natis
337 430 389 472 et
433 424 682 473 adfinibus
743 430 963 473 tutorem
1023 441 1260 488 umquam
1322 423 1490 472 liberis
1541 423 1643 471 suis

145 507 372 569 scripsit3
442 523 588 555 nemo
646 505 787 554 illum
846 506 1003 564 aditu,
1071 522 1218 555 nemo
1282 504 1638 569 congressione,

144 605 290 637 nemo
337 604 578 647 sermone,
628 604 775 645 nemo
833 587 1062 636 convivio
1109 587 1318 651 dignum
1372 585 1613 634 iudicavit
1630 603 1643 644 3
1695 607 1717 647 5

144 686 314 719 omnes
351 669 759 733 aspernabantur,
801 685 971 717 omnes
1003 668 1350 727 abhorrebant,
1388 683 1558 715 omnes
1585 671 1644 713 ut

143 751 361 814 aliquam
399 751 668 798 immanem
704 767 761 798 ac
802 750 1129 814 perniciosam
1174 749 1385 798 bestiam
1433 754 1643 813 pestem-

55 833 122 883 42
144 849 240 895 que
269 832 540 896 fugiebant.
616 831 765 879 Hunc
789 836 957 879 tamen
984 830 1236 879 hominem
1261 835 1366 878 tam
1390 829 1639 888 audacem,

143 920 247 962 tam
294 913 552 973 nefarium,
597 918 702 961 tam
743 918 1005 961 nocentem
1046 928 1319 975 numquam
1367 917 1645 959 accusasset

145 995 376 1054 Habitus,
426 994 628 1053 iudices,
680 994 722 1042 si
785 993 837 1041 id
893 993 1293 1057 praetermittere
1354 1008 1443 1040 suo
1507 990 1644 1039 salvo
1671 1015 1720 1044 10

145 1076 305 1140 capite
356 1076 615 1140 potuisset.
712 1074 834 1123 Erat
885 1074 1001 1123 huic
1047 1074 1276 1122 inimicus
1325 1072 1641 1137 Oppianicus,

145 1163 265 1216 erat,
311 1156 397 1205 sed
439 1163 607 1204 tamen
650 1161 758 1204 erat
798 1156 1036 1215 vitricus;
1077 1154 1291 1203 crudelis
1333 1161 1384 1203 et
1423 1154 1538 1202 huic
1575 1153 1645 1201 in-

144 1238 270 1287 festa
311 1243 485 1298 mater,
529 1244 583 1285 at
623 1243 797 1286 mater.
870 1237 1132 1285 Postremo
1180 1235 1304 1284 nihil
1347 1241 1451 1283 tam
1491 1250 1646 1283 remo-

144 1326 255 1368 tum
301 1320 364 1368 ab
410 1319 722 1367 accusatione
770 1335 920 1382 quam
968 1317 1232 1367 Cluentius
1281 1323 1332 1365 et
1371 1322 1552 1364 natura
1593 1320 1645 1363 et

144 1401 405 1450 voluntate
466 1406 517 1448 et
575 1400 812 1448 instituta
871 1399 1064 1447 ratione
1126 1398 1272 1447 vitae.
1369 1396 1469 1446 Sed
1532 1412 1644 1444 cum
1671 1418 1719 1463 15

145 1489 274 1532 esset
320 1482 439 1531 haec
488 1482 533 1530 61
573 1482 829 1546 proposita
871 1481 1108 1540 condicio,
1149 1486 1208 1528 ut
1248 1485 1336 1527 aut
1376 1479 1506 1527 iuste
1546 1478 1645 1542 pie-

145 1582 241 1629 que
302 1569 555 1613 accusaret
601 1569 690 1612 aut
750 1563 923 1611 acerbe
985 1562 1288 1626 indigneque
1350 1565 1641 1618 moreretur,

145 1640 385 1706 accusare,
414 1661 615 1709 quoquo
639 1644 788 1693 modo
813 1649 995 1708 posset,
1024 1660 1171 1707 quam
1205 1642 1291 1690 illo
1316 1641 1465 1690 modo
1490 1640 1645 1689 emori

145 1728 336 1776 maluit.

56 1815 123 1867 43
212 1810 382 1873 Atque
423 1813 482 1855 ut
523 1806 614 1854 hoc
655 1806 728 1854 ita
769 1822 876 1854 esse
916 1805 1196 1870 perspicere
1237 1793 1454 1867 possitis,
1499 1819 1646 1866 expo·
1669 1831 1721 1858 20

146 1909 261 1940 nam
302 1890 442 1939 vobis
486 1888 747 1952 Oppianici
789 1887 980 1935 facinus
1021 1886 1287 1934 manifesto
1335 1890 1644 1947 compertum

145 1979 295 2036 atque
342 1970 740 2034 deprehensum,
804 1985 868 2016 ex
914 1984 1015 2032 quo
1064 1966 1211 2015 simul
1259 1972 1543 2028 utrumque,
1594 1971 1646 2012 et

145 2054 258 2103 huic
296 2067 524 2100 accusare
566 2056 617 2098 et
657 2049 731 2097 illi
774 2048 1092 2098 condemnari
1133 2063 1331 2095 necesse
1369 2046 1535 2105 fuisse,
1575 2045 1646 2092 in-

145 2134 406 2198 tellegetis.
1651 2191 1656 2196 q

213 2215 322 2263 XV.
402 2212 661 2261 Martiales
732 2211 937 2275 quidam
1007 2209 1177 2258 Larini
1246 2207 1640 2272 appellabantur,
1668 2234 1718 2277 25

146 2296 362 2345 ministri
403 2294 588 2359 publici
633 2293 814 2341 Martis
854 2298 1007 2354 atque
1051 2291 1096 2338 ei
1138 2289 1232 2338 deo
1271 2289 1528 2338 veteribus
1575 2288 1646 2335 in-

147 2377 341 2426 stitutis
421 2375 848 2439 religionibusque
930 2371 1245 2420 Larinatium
1339 2369 1613 2418 consecrati
1630 2386 1644 2428 ;

203 2475 238 2513 1.
272 2485 391 2513 ‘nemo
414 2472 516 2518 iam,
547 2482 621 2510 s'r:
652 2470 742 2509 iam
766 2481 899 2516 nemo,
925 2483 981 2507 w:
1011 2480 1094 2506 om.
1126 2465 1229 2514 iam,
1255 2465 1402 2514 Quint.
1429 2464 1486 2504 ix.
1512 2465 1549 2511 3,
1575 2464 1638 2503 38.

146 2538 184 2578 5.
222 2537 440 2584 iudicavit,
482 2547 555 2575 s'r:
614 2533 844 2581 iudicabat,
886 2543 1007 2579 FMW,
1050 2530 1224 2570 M'uller.
1306 2531 1366 2570 10.
1410 2542 1484 2568 suo
1530 2528 1645 2567 salvo

148 2601 297 2652 capite,
321 2611 396 2640 ST:
427 2600 541 2639 salvo
565 2597 701 2648 capite
724 2610 810 2644 suo,
835 2607 953 2635 FMW.
1001 2595 1062 2634 12.
1098 2599 1189 2634 erat
1209 2594 1294 2641 sed,
1319 2608 1375 2632 w:
1406 2593 1491 2640 sed,
1514 2591 1638 2631 TlFW.

149 2666 213 2706 13.
243 2670 302 2713 at,
329 2675 403 2704 ST:
439 2669 485 2702 at
516 2669 669 2710 tamen,
693 2672 768 2700 FM.
838 2660 902 2700 23.
938 2658 1016 2707 illi,
1049 2669 1099 2698 ST
1123 2657 1198 2697 b2:
1229 2656 1364 2704 illum,
1396 2670 1426 2694 ω
1451 2657 1533 2707 (cp.
1561 2655 1643 2706 Op-

143 2725 674 2779 piaminum—Oppianico,
696 2727 718 2774 ἓ
738 2725 803 2772 70,
830 2723 909 2770 10).
