1820 2956
565 105 695 155 PRO
731 105 794 153 A.
840 105 1197 155 OLUENTIO.
1564 107 1626 153 53

129 255 232 288 esse
271 238 590 288 damnatum:
627 245 684 288 tu
722 238 844 287 mihi
881 256 942 288 ex
981 246 1090 288 tota
1127 255 1273 288 causa
1310 239 1457 288 Bulbi
1494 239 1626 303 quod

128 320 219 368 tibi
257 320 567 371 commodum
605 327 680 371 est
716 321 868 386 eligis,
899 328 952 370 ut
988 322 1039 371 id
1077 339 1179 372 esse
1216 327 1408 371 secutos
1443 322 1628 371 iudices

127 401 274 453 dicas.
707 424 731 445 ν

197 480 436 530 XXXVI.
478 480 791 545 Quapropter
820 481 911 531 hoc
941 481 1089 530 Bulbi
1123 482 1361 531 iudicium
1389 499 1487 531 non
1518 482 1627 546 plus
1650 477 1718 531 98

79 588 103 633 5
129 561 241 611 huic
267 562 435 611 obesse
461 579 633 611 causae
653 562 803 612 debet
822 580 969 628 quam
994 563 1080 612 illa
1104 581 1228 628 quae
1249 570 1630 613 commemorata

130 650 247 694 sunt
294 644 354 693 ab
403 650 681 694 accusatore
735 644 833 694 duo
892 645 1087 706 iudicia,
1139 646 1191 694 P.
1244 646 1408 710 Popili
1456 652 1505 695 et
1552 646 1625 695 Ti.

130 727 329 785 Guttae,
380 726 463 790 qui
512 743 708 775 causam
755 726 817 775 de
865 727 1057 776 ambitu
1115 727 1364 777 dixerunt.
1462 727 1591 789 Quid
1611 731 1628 776 't

130 808 342 856 accusati
395 814 512 856 sunt
559 808 620 856 ab
669 808 738 856 eis
792 808 878 872 qui
926 814 1067 857 era-nt
1115 809 1210 873 ipsi
1258 809 1475 858 ambitus
1523 826 1631 858 con-

130 889 379 939 demnati:
438 907 561 954 quos
620 907 709 954 ego
768 907 866 938 non
926 890 1107 939 idcirco
1155 907 1259 940 esse
1308 891 1522 940 arbitror
1579 891 1630 939 in

59 1002 107 1031 10
130 972 379 1036 integrum
421 972 678 1021 restitutos
725 971 859 1036 quod
906 972 1110 1036 planum
1157 973 1365 1021 fecerint
1411 973 1522 1022 illos
1569 973 1632 1022 ob
1693 1011 1727 1039 ιι

131 1071 235 1103 rem
258 1053 573 1102 iudicandam
599 1054 858 1119 pecuniam
884 1054 1139 1118 accepisse,
1168 1054 1255 1103 sed
1292 1054 1424 1119 quod
1462 1054 1633 1104 iudici·
1702 1042 1723 1117 s

130 1136 222 1184 bus
261 1136 593 1200 probaverint,
635 1152 747 1185 cum
784 1136 836 1184 in
875 1136 1047 1185 eodem
1086 1153 1265 1202 genere
1306 1136 1359 1184 in
1401 1154 1499 1201 quo
1538 1136 1632 1201 ipsi

131 1217 453 1267 offendissent
510 1218 631 1267 alios
690 1218 1135 1282 reprehendissent,
1185 1235 1235 1266 se
1295 1218 1356 1267 ad
1415 1219 1634 1282 praemia

132 1299 252 1364 legis
299 1300 468 1349 venire
515 1305 755 1363 oportere.
844 1299 1159 1364 Quapropter
1199 1300 1450 1349 neminem
1497 1300 1634 1350 dubi-

60 1404 106 1449 15
129 1387 238 1431 tare
279 1382 509 1431 existimo
551 1382 672 1446 quin
715 1381 800 1430 illa
841 1381 1096 1430 damnatio
1138 1382 1355 1430 ambitus
1396 1382 1533 1431 nulla
1573 1400 1634 1432 ex

131 1470 271 1528 parte
307 1480 418 1512 cum
455 1480 599 1511 causa
629 1463 828 1512 Cluenti
856 1469 1117 1527 vestroque
1154 1462 1338 1512 iudicio
1374 1464 1636 1513 coniuncta

133 1562 235 1595 esse
271 1545 440 1609 possit.

200 1626 346 1688 Quid,
374 1627 508 1690 quod
543 1626 774 1675 Staienus
811 1633 886 1675 est
921 1627 1315 1676 condemnatus?
1384 1627 1500 1676 Non
1526 1627 1635 1676 dico
1658 1623 1725 1675 99

132 1708 224 1758 hoc
266 1714 501 1773 tempore,
546 1708 746 1766 iudices,
790 1707 843 1756 id
884 1708 1017 1772 quod
1061 1699 1224 1758 nescio
1265 1726 1327 1757 an
1366 1708 1462 1757 dici
1500 1726 1637 1774 opor-

58 1813 112 1842 20
134 1796 250 1851 teat,
277 1790 419 1839 illum
444 1790 718 1839 maiestatis
743 1807 847 1838 esse
873 1790 1268 1839 condemnatum.
1344 1791 1461 1840 Non
1484 1792 1637 1840 recito

134 1871 419 1921 testimonia
457 1871 715 1920 hominum
754 1871 1230 1932 honestissimorum,
1260 1889 1387 1936 quae
1423 1873 1476 1921 in
1513 1872 1637 1922 Stai-

135 1970 280 2003 enum
318 1959 436 2002 sunt
477 1953 610 2002 dicta
651 1954 713 2002 ab
755 1954 825 2002 eis
867 1954 953 2017 qui
989 1954 1058 2002 M.
1103 1954 1329 2013 Aemilio,
1369 1954 1637 2003 clarissimo

135 2036 254 2095 viro,
280 2035 430 2100 legati
464 2041 515 2085 et
546 2035 782 2098 praefecti
820 2040 870 2084 et
906 2035 1094 2084 tribuni
1130 2035 1369 2084 militares
1405 2036 1637 2097 fuerunt3

136 2134 344 2182 quorum
379 2116 678 2165 testimoniis
711 2116 915 2180 planum
950 2117 1135 2165 factum
1173 2123 1247 2165 est
1282 2118 1497 2167 maxime
1533 2118 1638 2167 eius

62 2215 112 2259 25
136 2215 297 2262 opera,
347 2215 458 2246 cum
507 2203 741 2262 quaestor
789 2204 929 2257 esset,
974 2200 1026 2247 in
1074 2199 1294 2247 exercitu
1342 2199 1637 2249 seditionem

137 2297 239 2329 esse
287 2281 562 2329 conflatam.
649 2279 727 2328 Ne
770 2280 854 2329 illa
900 2281 1104 2345 quidem
1153 2281 1439 2330 testimonia
1485 2282 1637 2331 recito

137 2378 260 2426 quae
296 2361 429 2411 dicta
465 2367 581 2411 sunt
616 2361 677 2410 de
716 2362 804 2411 HS
827 2365 922 2418 10—01
944 2380 1069 2427 quae
1105 2362 1189 2411 ille
1226 2380 1337 2411 cum
1374 2364 1638 2427 accepisset

136 2443 334 2492 nomine
376 2443 547 2492 iudicii
589 2443 842 2505 Safiniani,
882 2445 1010 2493 sicut
1056 2445 1108 2492 in
1151 2445 1412 2508 Oppianici
1454 2444 1637 2494 iudicio

191 2577 229 2621 7.
263 2577 411 2628 Quid?
439 2578 627 2619 accusati
646 2585 742 2619 sum
758 2580 795 2619 is
811 2592 883 2631 my
900 2579 1034 2630 conj.:
1062 2578 1137 2630 qui
1156 2578 1346 2619 accusati
1359 2584 1467 2627 sunt,
1489 2578 1636 2620 codd.:

138 2641 242 2693 quia
273 2642 462 2682 accusati
494 2649 601 2692 sunt,
642 2643 911 2696 Nettleship.
990 2644 1051 2683 12.
1095 2644 1384 2694 probaverint,
1423 2655 1496 2684 ST:
1534 2658 1637 2696 pro-

139 2706 291 2756 barint,
313 2722 354 2747 ω,
417 2720 524 2756 cum,
549 2719 689 2749 STFM:
722 2708 849 2760 quod,
874 2723 904 2747 ω
925 2710 962 2757 (ἓ
982 2709 1065 2758 23).
