1858 2956
616 116 742 166 PRO
778 117 841 165 A.
884 116 1242 165 CLUE'NTIO.
1610 116 1670 165 79

241 251 378 301 LIII.
433 252 607 315 Neque
654 267 732 299 me
780 250 864 299 illa
905 250 1062 299 oratio
1099 256 1389 309 commovet,
1428 250 1560 313 quod
1603 249 1674 298 ait

175 334 353 382 Accius
379 333 639 396 indignum
666 348 770 381 esse
794 331 995 391 facinus,
1019 331 1060 379 si
1086 338 1285 380 senator
1303 330 1487 379 iudicio
1508 347 1671 394 quem-

176 414 307 479 piam
359 407 749 473 circumvenerit,
799 413 991 478 legibus
1040 428 1152 460 eum
1200 413 1387 461 teneri:
1446 412 1486 460 si
1525 427 1674 474 eques

175 495 427 544 Romanus
463 495 553 544 hoc
589 494 722 543 idem
758 495 942 553 fecerit,
971 510 1069 541 non
1101 493 1271 543 teneri.
1346 493 1422 542 Ut
1446 492 1539 541 tibi
1565 509 1674 541 con-
1698 497 1797 548 146

127 590 149 633 5
174 577 343 625 cedam
368 576 460 625 hoc
497 576 759 640 indignum
797 593 914 634 esse,
950 576 1084 640 quod
1121 576 1257 625 cuius
1298 575 1433 625 modi
1473 576 1538 624 sit
1577 577 1672 624 iam

173 657 357 716 videro,
399 664 455 706 tu
491 657 615 705 mihi
651 657 889 706 concedas
925 674 1121 706 necesse
1157 663 1232 706 est
1268 657 1427 706 multo
1464 674 1567 706 esse
1604 657 1674 705 in-

174 738 371 803 dignius
394 739 446 787 in
472 755 528 788 ea
553 739 753 788 civitate
779 756 904 803 quae
928 739 1121 802 legibus
1147 739 1463 787 contineatur
1487 739 1672 787 discedi

173 821 234 869 ab
269 820 471 886 legibus.
548 820 657 869 Hoc
690 821 822 869 enim
854 820 1108 868 vinculum
1142 826 1217 869 est
1241 820 1387 868 huius
1413 820 1673 884 dignitatis

174 919 270 965 qua
304 902 517 950 fruimur
551 902 603 950 in
642 918 694 950 re
732 900 941 966 publica,
981 902 1071 950 hoc
1109 902 1493 950 fundamentum
1531 902 1674 951 liber-

103 1002 151 1030 ιο
175 983 304 1042 tatis,
326 983 404 1032 hic
428 983 538 1032 fons
563 983 829 1047 aequitatis
849 1003 857 1032 :
890 1000 1026 1032 mens
1052 989 1102 1031 et
1126 983 1319 1032 animus
1340 989 1390 1032 et
1414 983 1672 1032 consilium

174 1070 224 1113 et
282 1064 531 1113 sententia
589 1064 809 1113 civitatis
867 1066 1030 1129 posita
1077 1070 1152 1114 est
1198 1066 1251 1114 in
1298 1066 1502 1130 legibus.
1599 1066 1674 1115 Ut

174 1162 377 1209 corpora
414 1151 582 1194 nostra
620 1146 724 1194 sine
762 1152 941 1207 mente,
974 1147 1042 1195 sic
1079 1147 1254 1195 civitas
1290 1147 1395 1196 sine
1431 1147 1537 1211 lege
1574 1149 1671 1196 suis

173 1227 411 1290 partibus,
447 1235 504 1275 ut
540 1228 706 1276 nervis
742 1234 792 1276 et
828 1229 1066 1292 sanguine
1103 1234 1154 1277 et
1189 1229 1436 1289 membris,
1469 1230 1543 1277 uti
1573 1246 1672 1278 non

174 1314 350 1371 potest.
442 1309 632 1373 Legum
673 1309 889 1358 ministri
936 1309 1269 1374 magistratus,
1314 1310 1479 1375 legum
1527 1311 1674 1359 inter·
1746 1356 1748 1358 .

101 1405 148 1448 15
174 1396 336 1453 pretes
377 1389 577 1451 iudices,
622 1391 787 1455 legum
834 1390 1048 1455 denique
1095 1391 1278 1440 idcirco
1326 1409 1495 1440 omnes
1544 1393 1672 1442 servi

173 1488 341 1520 sumus
379 1478 437 1520 ut
478 1472 621 1521 liberi
663 1489 766 1521 esse
804 1473 1061 1536 possimus.
1136 1472 1267 1533 Quid
1306 1481 1395 1532 est,
1431 1473 1486 1534 Q.
1522 1473 1668 1537 Naso,
1698 1485 1796 1538 147

172 1570 257 1601 cur
285 1559 341 1601 tu
370 1553 423 1601 in
451 1553 548 1602 isto
577 1553 684 1602 loco
713 1553 919 1602 sedeas?
993 1554 1129 1615 Quae
1159 1555 1234 1603 vis
1265 1563 1352 1616 est,
1382 1574 1479 1621 qua
1508 1559 1594 1607 abs
1624 1568 1673 1608 te

172 1634 224 1682 hi
259 1634 447 1683 iudices
484 1634 573 1683 tali
609 1634 854 1699 dignitate
890 1635 1105 1698 praediti
1147 1643 1498 1688 coerceantur?
1571 1640 1673 1689 Vos

171 1721 352 1775 autem,
390 1716 593 1776 iudices,
632 1733 781 1780 quam
823 1717 887 1765 ob
928 1732 1033 1765 rem
1069 1733 1132 1765 ex
1173 1724 1314 1766 tanta
1350 1721 1672 1771 multitudine

96 1812 150 1841 20
173 1797 354 1846 civium
397 1804 501 1847 tam
543 1799 684 1862 pauci
725 1798 786 1847 de
828 1797 1087 1846 hominum
1123 1798 1337 1848 fortunis
1373 1803 1672 1852 sententiam

173 1880 347 1928 fertis?
430 1880 538 1941 Quo
580 1880 685 1928 iure
728 1879 909 1928 Accius
949 1896 1075 1943 quae
1119 1880 1279 1928 voluit
1321 1882 1486 1932 dixit?
1573 1884 1672 1934 Cur

172 1961 296 2010 mihi
341 1966 443 2010 tam
492 1961 579 2009 diu
627 1967 845 2025 potestas
892 1961 1088 2010 dicendi
1137 1961 1316 2011 datur'l
1399 1964 1529 2025 Quid
1578 1967 1672 2015 sibi

173 2049 339 2092 autem
386 2043 459 2091 illi
506 2043 705 2102 scribae,
756 2042 878 2106 quid
924 2042 1135 2103 lictores,
1180 2045 1302 2107 quid
1350 2047 1501 2095 ceteri
1548 2065 1672 2111 quos

173 2141 406 2189 apparere
464 2124 578 2172 huic
636 2116 915 2187 quaestioni
973 2124 1132 2184 video,
1183 2126 1392 2175 volunt?
1482 2129 1673 2193 Opinor

97 2216 148 2259 25
172 2206 291 2255 haec
351 2206 514 2254 omnia
562 2205 669 2270 lege
718 2205 822 2254 fieri
870 2211 1132 2270 totumque
1180 2206 1271 2256 hoc
1318 2209 1571 2269 iudicium,
1617 2219 1672 2260 ut

173 2294 288 2336 ante
318 2287 438 2346 dixi,
467 2287 607 2350 quasi
643 2294 809 2335 mente
846 2286 1059 2350 quadam
1089 2289 1190 2352 regi
1220 2288 1342 2353 legis
1368 2297 1418 2338 et
1442 2291 1672 2342 adminis-

173 2369 305 2418 trari.
371 2368 503 2429 Quid
528 2371 677 2433 ergo‘l
714 2368 833 2416 haec
858 2369 1083 2432 quaestio
1108 2369 1211 2417 sola
1235 2370 1307 2418 ita
1331 2372 1670 2434 gubernatur?

228 2520 262 2558 l.
289 2523 522 2564 commovet,
544 2529 597 2557 P:
629 2523 910 2567 commoveret,
936 2533 976 2557 ω.
1040 2519 1076 2560 7.
1102 2519 1377 2568 contineatur,
1402 2532 1505 2562 Ps'r:
1536 2529 1670 2564 tenea-

172 2589 256 2632 tur,
281 2599 321 2622 ω.
387 2584 449 2623 14.
474 2582 611 2632 lcyum
693 2581 802 2621 servi
820 2595 977 2631 sumus,
1001 2597 1058 2623 w:
1089 2583 1244 2633 lembus
1322 2586 1539 2636 servimus,
1562 2599 1590 2627 P
1611 2590 1672 2638 (in

172 2647 328 2697 effect).
390 2647 453 2687 23.
490 2646 569 2695 illi,
594 2660 675 2686 om.
702 2658 762 2686 s'r.
823 2647 888 2686 26.
922 2653 1030 2695 ame,
1056 2659 1158 2687 PsT:
1190 2655 1329 2697 antea,
1356 2665 1398 2690 ω.
1458 2651 1523 2693 27.
1558 2665 1668 2705 erqo,

173 2724 277 2753 Ps'r:
308 2725 404 2763 erqo
425 2717 495 2760 esc,
521 2727 561 2751 ω.
