1858 2956
218 160 309 207 106
646 158 776 208 PRO
810 158 873 208 A.
917 158 995 208 GL
1007 156 1275 209 UE'NTIO.

214 291 417 351 issimos,
446 308 568 355 quos
598 308 852 340 nossemus
882 309 1067 350 omnes,
1093 292 1190 340 huc
1219 292 1502 355 frequentes
1533 290 1701 340 adesse

212 379 263 422 et
285 373 415 422 hunc
439 380 722 437 praesentes
746 374 945 423 laudare
970 374 1249 423 voluerunt.
1321 373 1522 422 Adsunt
1555 373 1703 422 Fren-

214 454 330 514 tani,
391 454 614 504 homines
682 455 991 515 nobilissimi,
1064 454 1338 503 Marrucini
1406 455 1528 518 item
1598 453 1703 518 pari

212 535 484 599 dignitate,
566 536 732 585 Teano
801 536 969 600 Apulo
1027 542 1174 600 atque
1239 536 1445 584 Luceria
1513 536 1704 599 equites

211 615 474 674 Romanos,
512 616 736 665 homines
771 616 1156 676 honestissimos,
1184 616 1464 665 laudatores
1499 616 1680 664 videtis
1690 635 1704 678 3
1756 625 1779 670 5

211 696 433 746 Boviano
475 703 679 761 totoque
721 714 784 746 ex
831 697 1032 746 Samnio
1074 714 1186 746 cum
1232 697 1541 746 laudationes
1588 697 1706 746 hon-

212 778 482 827 estissimae
538 779 715 827 missae
774 784 889 827 sunt
946 784 1057 827 tum
1124 776 1351 827 homines
1414 778 1706 842 amplissimi

90 851 189 905 198
211 858 600 923 nobilissimique
647 865 904 908 venerunt.
977 860 1084 908 Iam
1119 860 1205 923 qui
1242 859 1294 907 in
1330 876 1447 923 agro
1483 858 1705 907 Larinati

211 939 425 1004 praedia,
447 940 533 1004 qui
557 940 769 1004 negotia,
797 941 882 1004 qui
906 957 984 988 res
1008 940 1259 1004 pecuarias
1283 940 1482 999 habent,
1510 939 1706 988 honesti

210 1019 435 1069 homines
472 1026 522 1069 et
557 1037 748 1069 summo
781 1020 1042 1084 splendore
1077 1020 1304 1084 praediti,
1336 1019 1534 1069 difficile
1570 1019 1708 1069 dictu
1733 1036 1783 1065 10

211 1107 286 1150 est
321 1118 469 1165 quam
504 1101 604 1150 sint
641 1101 853 1160 solliciti,
894 1118 1043 1166 quam
1079 1101 1320 1150 laborent.
1406 1101 1524 1150 Non
1560 1100 1707 1150 multi

211 1182 334 1231 mihi
385 1183 447 1231 ab
500 1199 598 1231 uno
651 1182 719 1231 sic
770 1182 911 1247 diligi
963 1182 1214 1244 videntur,
1272 1188 1330 1230 ut
1382 1181 1463 1230 hic
1517 1182 1580 1231 ab
1637 1181 1707 1231 eis

212 1264 466 1312 universis.
1135 1255 1146 1263 ’

277 1343 434 1393 LXX.
474 1343 633 1404 Quam
657 1343 799 1393 doleo
825 1344 992 1392 abesse
1017 1344 1079 1392 ab
1102 1343 1252 1392 huius
1275 1343 1459 1392 iudicio
1483 1342 1539 1392 L.
1557 1342 1709 1392 Volu-

211 1424 416 1484 sienum,
445 1441 637 1473 summo
673 1424 934 1490 splendore
969 1424 1225 1473 hominem
1261 1441 1316 1473 ac
1350 1424 1536 1472 virtute
1574 1440 1708 1488 prae-
1733 1437 1780 1482 15

212 1505 403 1554 ditum!
471 1505 667 1554 Vellem
713 1510 1023 1569 praesentem
1074 1521 1269 1569 possem
1309 1504 1364 1553 P.
1415 1502 1708 1553 Helvidium

214 1586 413 1646 Rufum,
463 1586 683 1652 equitem
730 1586 1010 1634 Romanum
1053 1585 1275 1634 omnium
1322 1583 1704 1643 ornatissimum,

210 1667 493 1715 nominare!
543 1667 628 1731 qui
665 1683 777 1715 cum
811 1666 959 1716 huius
994 1682 1142 1716 causa
1169 1666 1274 1715 dies
1298 1671 1565 1729 noctesque
1587 1665 1708 1731 vigi-

210 1746 336 1795 laret
375 1752 425 1796 et
465 1764 575 1796 cum
617 1764 694 1796 me
731 1747 859 1796 hanc
896 1764 1094 1796 causam
1131 1746 1343 1807 doceret,
1385 1747 1438 1795 in
1479 1746 1707 1796 morbum

209 1844 409 1891 gravem
449 1828 876 1892 periculosumque
917 1828 1126 1889 incidit,
1171 1828 1225 1876 in
1266 1844 1364 1891 quo
1402 1834 1571 1876 tamen
1605 1844 1706 1877 non
1729 1842 1783 1872 20

210 1909 374 1956 minus
415 1908 477 1957 de
524 1909 685 1973 capite
731 1908 878 1957 huius
926 1925 1075 1972 quam
1120 1907 1183 1957 de
1224 1925 1313 1957 sua
1353 1907 1458 1956 vita
1497 1907 1703 1957 laborat.

211 1987 299 2038 Cn.
328 1988 503 2037 Tudici
533 1988 786 2049 senatoris,
818 1989 913 2038 viri
942 1988 1118 2052 optimi
1155 1994 1205 2037 et
1239 1987 1588 2048 honestissimi,
1618 2004 1707 2052 par

210 2069 432 2118 studium
489 2086 551 2118 ex
597 2069 882 2118 testimonio
941 2074 992 2118 et
1048 2068 1334 2118 laudatione
1386 2069 1701 2133 cognoscetis.

212 2150 398 2198 Eadem
445 2167 545 2214 spe,
593 2150 681 2199 sed
727 2150 911 2198 maiore
952 2149 1247 2199 verecundia
1288 2149 1349 2198 de
1390 2155 1455 2208 te,
1494 2149 1549 2198 P.
1589 2148 1706 2198 Vol-

209 2231 361 2289 umni,
400 2231 635 2295 quoniam
669 2231 820 2279 iudex
855 2247 905 2279 es
940 2231 993 2278 in
1028 2230 1089 2280 A.
1130 2230 1432 2290 Cluentium,
1471 2229 1681 2278 dicimus
1690 2249 1703 2291 3
1726 2241 1778 2285 25

210 2317 273 2372 et,
322 2327 385 2360 ne
442 2311 644 2376 longum
703 2311 782 2371 sit,
845 2310 1067 2360 omnium
1125 2311 1402 2360 vicinorum
1436 2327 1703 2360 summam

529 2411 554 2441 a

262 2483 299 2523 9.
329 2482 614 2534 pecuniarias,
646 2482 770 2522 codd.
835 2481 896 2522 12.
932 2481 993 2528 iis,
1023 2493 1098 2521 S'r:
1129 2481 1206 2530 his,
1238 2497 1268 2521 ω
1298 2482 1428 2534 (cp.'§
1454 2482 1516 2530 12,
1542 2494 1626 2529 eae,
1653 2493 1701 2522 s:

208 2547 300 2596 hae,
326 2549 385 2596 ω).
450 2549 510 2587 14.
533 2547 672 2596 Quam
691 2547 807 2586 doleo
826 2546 1029 2597 Quando,
1053 2545 1200 2595 codd.]
1277 2546 1428 2586 Vellem
1443 2552 1705 2596 praesentem

203 2625 380 2662 possem,
395 2610 593 2652 Classen:
623 2611 763 2660 Quam
781 2610 1096 2650 non...vellem!
1129 2609 1267 2659 Quam
1286 2610 1429 2649 vellem
1446 2615 1704 2660 praesentem

202 2688 335 2726 posse,
382 2675 480 2715 edd.
530 2674 660 2722 (after
703 2674 968 2723 Lambinus).
1035 2675 1100 2714 23.
1148 2686 1212 2722 ex,
1262 2673 1502 2714 Graevius:
1551 2678 1603 2723 et,
1644 2687 1701 2713 ωε

206 2753 289 2780 om.
323 2751 383 2780 ετ.
