1820 2956
547 115 678 166 PRO
712 116 776 165 A.
821 117 897 167 CL
909 110 1176 166 UENTIO.
1547 117 1606 163 65

108 251 152 299 R
189 251 332 312 mani,
378 251 427 300 in
472 250 805 315 compluribus
842 251 938 299 iam
976 251 1071 300 reis
1108 267 1230 315 quos
1266 256 1439 299 contra
1475 250 1605 314 leges

106 348 138 396 p
172 332 340 381 eunias
410 332 649 397 accepisse
718 331 1053 395 subscriptum
1113 338 1201 392 est,
1264 347 1379 379 suae
1438 331 1605 395 potius

132 412 331 476 eligioni
357 430 506 477 quam
538 429 796 462 censorum
830 412 1051 476 opinioni
1077 419 1349 476 paruerunt
1369 430 1382 472 ;
1423 411 1604 461 deinde

106 499 356 557 praetores
383 495 574 550 urbani,
594 494 680 557 qui
706 493 855 542 iurati
882 493 1065 542 debent
1090 494 1335 557 optimum
1361 510 1603 556 quemque

55 586 80 633 5
105 574 154 622 in
189 573 342 623 lectos
375 575 562 624 iudices
593 575 791 635 referre,
826 591 1099 639 numquam
1132 575 1226 623 sibi
1259 574 1320 623 ad
1355 591 1463 624 eam
1500 591 1603 623 rem

102 655 373 705 censoriam
429 656 755 720 ignominiam
807 656 1164 720 impedimento
1212 672 1316 705 esse
1375 664 1601 720 oportere

102 732 355 781 duxerunt
371 752 386 795 3
421 750 645 783 censores
665 733 880 797 denique
904 734 998 798 ipsi
1023 750 1168 798 saepe
1187 750 1394 783 numero
1419 735 1598 798 superi·
1626 727 1725 779 122

102 827 242 859 orum
267 828 522 860 censorum
548 811 753 871 iudiciis,
777 812 818 860 si
844 812 939 860 ista
963 811 1146 860 iudicia
1169 811 1406 875 appellari
1431 811 1596 873 vultis,

101 905 199 937 non
242 894 501 938 steterunt.
574 889 742 953 Atque
784 889 934 938 etiam
976 889 1071 952 ipsi
1112 889 1243 938 inter
1283 906 1334 938 se
1375 905 1600 938 censores

29 985 77 1015 10
100 982 188 1014 sua
225 965 407 1015 iudicia
452 966 582 1015 tanti
624 983 727 1015 esse
775 967 1085 1015 arbitrantur
1126 972 1184 1015 ut
1225 966 1350 1015 alter
1395 966 1599 1015 alterius

100 1043 339 1092 iudicium
363 1060 463 1093 non
488 1043 636 1093 modo
661 1044 1005 1108 reprehendat,
1034 1044 1119 1093 sed
1146 1044 1296 1093 etiam
1322 1044 1599 1105 rescindat;

99 1128 157 1171 ut
181 1122 306 1171 alter
323 1122 385 1170 de
405 1127 581 1171 senatu
599 1139 796 1171 movere
820 1122 955 1183 velit,
978 1122 1104 1171 alter
1124 1122 1336 1172 retineat
1356 1127 1406 1171 et
1424 1122 1598 1171 ordine

99 1204 402 1268 amplissimo
443 1204 650 1269 dignum
692 1205 976 1266 existimet3
1023 1211 1082 1253 ut
1123 1204 1250 1254 alter
1291 1205 1343 1252 in
1385 1205 1599 1254 aerarios

98 1286 268 1335 referri
298 1291 385 1334 aut
420 1286 555 1334 tribu
590 1287 778 1335 moveri
810 1286 993 1345 iubeat,
1029 1286 1156 1335 alter
1183 1292 1335 1335 vetet.
1408 1285 1518 1347 Qua
1546 1303 1598 1335 re

26 1388 74 1433 15
99 1367 184 1432 qui
228 1367 368 1416 vobis
409 1367 462 1415 in
503 1374 722 1416 mentem
763 1367 903 1416 venit
944 1367 1064 1416 haec
1112 1367 1359 1431 appellare
1400 1367 1596 1427 iudicia,

99 1465 225 1513 quae
252 1466 280 1497 a
302 1448 487 1513 populo
511 1448 739 1509 rescindi,
766 1448 828 1497 ab
853 1448 1027 1497 iuratis
1052 1447 1298 1497 iudicibus
1331 1448 1594 1512 repudiari,

96 1546 126 1578 a
143 1530 516 1595 magistratibus
541 1529 749 1595 neglegi,
772 1529 835 1579 ab
860 1529 929 1578 eis
954 1530 1040 1594 qui
1065 1529 1271 1578 eandem
1298 1536 1598 1593 potestatem

95 1611 263 1676 adepti
321 1618 440 1660 sunt
497 1610 806 1671 commutari,
861 1611 993 1659 inter
1051 1610 1262 1675 collegas
1320 1610 1597 1674 discrepare

96 1693 304 1742 videatis
327 1695 343 1741 ’.ἱ

19 1795 73 1825 20
163 1773 345 1824 XLIV.
386 1773 522 1834 Quae
553 1790 663 1822 cum
693 1773 765 1822 ita
801 1773 915 1833 sint,
944 1772 1200 1822 videamus
1237 1773 1357 1838 quid
1395 1772 1597 1821 tandem
1621 1767 1721 1820 123

94 1872 318 1905 censores
353 1855 414 1904 de
451 1855 535 1904 illo
570 1855 752 1903 iudicio
794 1862 1026 1918 corrupto
1067 1854 1310 1903 iudicasse
1351 1854 1593 1904 dicantur.

93 1937 169 1986 Ac
191 1937 407 2002 primum
431 1937 556 1986 illud
580 1942 871 1997 statuamUS,
899 1942 1070 1985 utrum
1094 1936 1210 2000 quia
1239 1953 1463 1985 censores
1488 1936 1598 1985 sub-

93 2020 380 2083 scripserint
403 2019 475 2068 ita
499 2019 577 2079 sit,
600 2036 660 2068 an
688 2019 801 2083 quia
829 2019 900 2067 ita
923 2018 1075 2067 fuerit
1099 2018 1174 2066 illi
1197 2018 1593 2082 subscripserint.

94 2101 146 2150 Si
171 2101 287 2165 quia
310 2101 702 2165 subscripserint,
732 2100 899 2150 videte
925 2100 1046 2164 quid
1080 2100 1253 2165 agatis,
1274 2116 1337 2149 ne
1362 2100 1414 2148 in
1439 2116 1596 2148 unum

16 2198 68 2242 25
93 2200 341 2248 quemque
374 2188 602 2232 nostrum
626 2183 911 2232 censoribus
938 2182 990 2230 in
1015 2188 1269 2246 posterum
1293 2188 1595 2246 potestatem

93 2265 276 2328 regiam
303 2264 619 2329 permittatis,
647 2281 710 2313 ne
736 2264 1033 2328 subscriptio
1059 2263 1280 2313 censoria
1303 2281 1403 2312 non
1433 2264 1596 2313 minus

93 2342 387 2392 calamitatis
426 2342 614 2391 civibus
650 2359 797 2406 quam
831 2341 918 2391 illa
953 2342 1267 2390 acerbissima
1301 2342 1596 2406 proscriptio

144 2465 181 2504 2.
226 2463 443 2514 accepisse,
486 2474 561 2503 s'r:
611 2463 777 2514 cepisse,
820 2478 862 2504 ω.
942 2464 981 2504 5.
1023 2463 1160 2511 lectos,
1201 2474 1279 2503 s'r:
1329 2463 1507 2511 selectos,
1548 2478 1591 2502 ω.

93 2529 169 2571 sibi
186 2542 435 2580 numquam,
458 2540 520 2568 ΞΤ.
581 2530 618 2568 8.
645 2529 871 2579 appellari,
899 2544 955 2569 w:
988 2528 1220 2579 appellare,
1241 2539 1290 2568 ST
1311 2529 1397 2577 (see
1417 2530 1520 2567 note
1541 2541 1597 2567 on

92 2593 272 2642 reticeri,
293 2596 314 2642 ξ
334 2595 413 2643 18).
468 2595 529 2633 14.
554 2593 723 2644 referri,
744 2608 774 2632 ω
792 2609 801 2633 :
831 2594 1005 2644 referre,
1026 2604 1087 2632 ST.
1139 2592 1310 2641 moveri,
1330 2607 1386 2632 w:
1417 2605 1593 2641 movere,

92 2670 152 2700 ST.
218 2659 280 2699 16.
310 2657 485 2709 populo,
514 2668 587 2697 ST:
613 2657 775 2708 populo
800 2658 1007 2707 Romano,
1037 2672 1079 2698 ω.
1152 2658 1200 2698 18
1241 2656 1338 2707 sint,
1364 2668 1403 2697 Τ.
1465 2659 1530 2697 24.
1562 2656 1599 2698 si

91 2722 182 2764 ideo
202 2723 319 2775 quia,
343 2738 385 2763 ω.

831 2787 859 2816 13:
