1858 2956
183 138 246 186 70
618 138 746 188 PRO
780 139 843 188 A.
889 140 966 189 GL
976 140 1244 191 UENTIO.

180 269 432 334 incognita
477 288 622 320 causa
679 273 938 335 probatum
993 279 1097 323 erat
1142 274 1267 324 illud
1321 275 1671 338 multitudini3

181 352 365 400 nemini
423 352 615 401 licitum
661 359 736 402 est
782 360 953 404 contra
1004 355 1199 416 dicere,
1257 373 1401 405 nemo
1459 357 1670 421 denique

181 438 238 480 ut
294 432 583 482 defenderet
641 435 936 483 contrariam
999 442 1191 499 partem
1248 436 1515 486 laborabat.
1613 438 1670 486 In

181 512 418 562 invidiam
467 531 621 577 porro
658 533 886 580 magnam
933 516 1017 566 illa
1062 517 1245 566 iudicia
1285 524 1553 568 venerant:
1605 526 1671 568 et-

180 595 312 643 enim
369 595 536 659 paucis
585 603 757 660 postea
808 598 1060 647 mensibus
1112 598 1208 647 alia
1255 599 1521 648 vehemens
1567 608 1672 649 erat
1697 617 1720 662 5

180 677 233 724 in
266 676 462 725 iudiciis
504 694 566 726 ex
606 679 861 727 notatione
903 679 1197 728 tabellarum
1238 680 1427 729 invidia
1462 688 1667 731 versata.

180 758 520 807 Praetermitti
562 759 623 808 ab
665 760 947 809 censoribus
988 767 1038 809 et
1078 761 1274 826 neglegi
1319 762 1511 812 macula
1550 763 1671 812 iudi-

181 839 367 887 ciorum
402 856 544 903 posse
580 857 679 889 non
712 841 1003 890 videbatur.-
1062 842 1302 891 Homines
1338 860 1461 906 quos
1497 845 1671 892 ceteris

181 920 315 968 vitiis
348 927 496 984 atque
528 922 663 970 omni
694 921 933 972 dedecore
966 924 1173 972 infames
1198 924 1449 986 videbant,
1478 942 1559 974 eos
1582 926 1671 975 hac

180 1019 375 1066 quoque
405 1003 764 1067 subscriptione
792 1011 966 1053 notare
992 1005 1391 1064 voluerunt‚—-et
1426 1022 1483 1055 eo
1514 1008 1671 1071 magis
1700 1027 1749 1055 10

180 1083 312 1147 quod
343 1083 429 1132 illo
458 1083 565 1147 ipso
597 1090 833 1148 tempore,
864 1085 963 1134 illis
996 1087 1293 1147 censoribUS‚
1322 1094 1463 1136 erant
1490 1087 1674 1136 iudicia

180 1181 290 1212 cum
309 1165 524 1228 equestri
550 1165 724 1214 ordine
749 1166 1254 1226 communicata,—ut
1272 1167 1561 1217 viderentur
1585 1185 1672 1233 per

179 1245 436 1294 hominum
466 1245 758 1295 idoneorum
790 1247 1112 1310 ignominiam
1142 1265 1229 1297 sua
1261 1250 1557 1298 auctoritate
1587 1250 1672 1299 illa

58 1327 154 1379 131
178 1326 360 1375 iudicia
400 1326 789 1390 reprehendisse.
863 1327 1009 1389 Quod
1049 1329 1091 1377 si
1132 1329 1257 1378 hanc
1298 1330 1432 1394 apud
1473 1330 1666 1380 eosdem

179 1407 310 1472 ipsos
352 1425 575 1457 censores
611 1408 734 1456 mihi
770 1414 855 1457 aut
891 1409 974 1458 alii
1011 1427 1208 1459 causam
1250 1427 1393 1476 agere
1435 1412 1666 1472 licuisset,
1699 1427 1746 1471 15

178 1488 461 1538 hominibus
486 1489 574 1537 tali
598 1489 864 1553 prudentia
889 1491 1126 1555 praeditis
1151 1499 1281 1541 certe
1305 1493 1639 1557 probavissem
1655 1513 1669 1555 ;

178 1587 254 1620 res
293 1571 424 1619 enim
461 1570 651 1619 indicat
688 1571 814 1620 nihil
852 1572 983 1635 ipsos
1031 1572 1260 1622 habuisse
1303 1574 1502 1638 cogniti,
1543 1575 1668 1623 nihil

178 1652 416 1715 comperti
432 1670 446 1712 3
526 1668 588 1700 ex
656 1658 763 1701 tota
831 1652 928 1702 ista
997 1654 1354 1718 subscriptione
1422 1672 1664 1705 rumorem

177 1732 425 1797 quendam
462 1738 512 1781 et
548 1733 775 1797 plausum
809 1734 1100 1798 popularem
1136 1751 1240 1784 esse
1277 1736 1567 1800 quaesitum.

245 1814 411 1862 Nam
397 1831 449 1862 1n
475 1814 527 1864 P.
556 1815 817 1878 Popilium,
840 1816 925 1879 qui
945 1815 1275 1879 Oppianicum
1300 1818 1664 1877 condemnarat,
1694 1834 1748 1864 20

177 1896 466 1959 subscripsit
499 1895 552 1943 L.
582 1895 785 1957 Gellius,
814 1883 972 1960 quod
1005 1897 1054 1945 is
1088 1899 1384 1961 pecuniam
1429 1901 1668 1964 accepis-

177 1983 276 2036 set,
305 1993 413 2040 quo
439 1976 807 2026 innocentem
833 1978 1251 2028 condemnaret.
1310 1980 1417 2029 Iam
1436 1981 1665 2045 idipsum

177 2064 391 2122 quantae
411 2057 734 2106 divinationis
760 2064 835 2107 est
859 2059 980 2108 scire
1005 2060 1320 2109 innocentem
1343 2062 1493 2111 fuisse
1512 2079 1662 2124 reum,

176 2156 322 2203 quem
346 2139 553 2188 fortasse
580 2156 850 2203 numquam
869 2141 1076 2201 viderat,
1096 2159 1208 2190 cum
1233 2142 1456 2191 homines
1480 2144 1666 2208 sapien·

176 2221 367 2280 tissimi,
394 2210 593 2281 iudiceS,
622 2227 680 2269 ut
704 2221 829 2269 nihil
859 2221 1019 2271 dicam
1047 2222 1109 2272 de
1138 2223 1207 2272 eis
1237 2224 1323 2287 qui
1353 2225 1663 2273 condemnar
1691 2236 1740 2279 25

54 2296 154 2348 132
177 2308 280 2362 unt,
308 2319 453 2351 causa
477 2303 673 2366 cognita
706 2303 798 2350 sibi
831 2302 1067 2353 dixerunt
1090 2321 1189 2353 non
1215 2305 1399 2369 liquere
1420 2310 1429 2355 Ξ
1479 2306 1665 2356 Verum

176 2390 310 2432 esto:
348 2382 645 2432 condemnat
681 2384 931 2448 Popilium
969 2385 1171 2445 Gellius,
1201 2386 1387 2435 iudicat
1424 2388 1664 2452 accepisse

176 2481 205 2512 a
246 2464 478 2513 Cluentio
521 2465 790 2527 pecuniam.
867 2465 1032 2530 Negat
1071 2466 1164 2515 hoc
1204 2467 1459 2518 Lentulus.
1534 2469 1662 2518 Nam

230 2589 290 2627 11.
325 2587 416 2638 ipso
445 2593 640 2638 tempore,
674 2603 725 2628 w:
760 2587 850 2639 ipso
879 2588 925 2628 in
953 2595 1147 2641 tempore,
1180 2602 1240 2631 s'r.
1306 2593 1366 2632 14.
1401 2594 1575 2643 eosdem,
1607 2605 1660 2635 P:

173 2665 251 2700 eos,
283 2667 324 2692 ω.
389 2653 438 2692 16
459 2651 696 2702 praeditis,
728 2663 781 2692 P:
822 2666 904 2691 om.
945 2668 1000 2693 ω;
1040 2655 1223 2706 cp.§79,
1246 2656 1307 2695 15.
1368 2657 1432 2697 26.
1458 2656 1659 2698 dixerunt

175 2715 317 2756 codd.:
366 2715 551 2755 ‹limerint
584 2719 698 2756 most
731 2716 827 2757 edd.
