1858 2956
186 132 248 178 94
621 129 752 178 PRO
787 129 850 177 A.
897 128 973 177 GL
986 127 1254 177 UENTIO.

62 261 161 315 174
184 266 387 328 possset?
460 269 470 291 ‘
492 265 562 311 At
594 263 856 326 repentina
883 267 1042 311 morte
1070 262 1248 325 periit.’
1318 261 1463 322 Quod
1489 262 1529 310 si
1556 266 1681 311 esset

184 346 255 394 ita
279 346 477 402 factum,
506 352 673 393 tamen
699 361 756 392 ea
787 360 864 392 res
895 350 1099 408 propter
1122 343 1392 392 multorum
1419 344 1523 392 eius
1548 344 1680 393 modi

184 444 350 475 casum
395 426 596 474 minime
638 426 830 473 firmam
867 424 1047 473 veneni
1083 424 1411 488 suspicionem
1446 424 1680 484 haberet;

184 508 317 572 quod
342 508 383 556 si
408 513 537 556 esset
562 506 897 570 suspiciosum,
922 512 1089 554 tamen
1109 506 1274 569 potius
1299 505 1362 554 ad
1387 501 1507 554 alios
1533 523 1681 570 quam

184 589 246 637 ad
283 588 527 637 Habitum
562 587 846 651 pertineret.
921 586 1110 635 Verum
1145 587 1198 634 in
1234 603 1292 635 eo
1322 586 1429 650 ipso
1459 587 1682 635 homines
1737 602 1758 645 5

184 669 611 734 impudentissime
670 669 1011 717 mentiuntur:
1070 667 1123 716 id
1169 673 1227 716 ut
1273 667 1587 732 intellegatis,
1633 673 1679 716 et

183 759 394 800 mortem
442 752 546 800 eius
589 756 639 798 et
680 766 828 813 quem
870 749 933 798 ad
973 748 1176 798 modum
1224 754 1339 812 post
1379 754 1591 798 mortem
1630 749 1678 798 in

185 833 429 881 Habitum
457 832 522 880 sit
547 832 732 880 crimen
758 848 787 879 a
810 837 968 879 matre
993 830 1270 894 quaesitum
1297 830 1590 894 cognoscite.

61 921 159 974 175
252 914 378 964 Cum
403 931 557 978 vagus
583 918 633 962 et
658 912 797 962 exsul
824 919 1012 961 erraret
1038 917 1186 976 atque
1211 912 1431 975 undique
1456 911 1679 960 exclusus

186 995 486 1060 Oppianicus
510 995 561 1043 in
588 994 855 1043 Falernum
882 1010 932 1042 se
957 994 1021 1042 ad
1044 993 1100 1043 L.
1129 992 1418 1053 Quinctium
1454 993 1679 1041 contulis-
1710 1012 1760 1042 10

183 1084 269 1138 set,
292 1077 362 1126 ibi
386 1077 602 1141 primum
628 1076 680 1124 in
705 1075 933 1124 morbum
958 1074 1134 1123 incidit
1154 1091 1208 1123 ac
1227 1075 1346 1123 satis
1365 1074 1678 1123 vehementer

183 1161 368 1224 diuque
394 1158 682 1223 aegrotavit.
757 1156 884 1206 Oum
911 1162 1039 1205 esset
1063 1173 1163 1204 una
1189 1156 1363 1204 Sassia.
1386 1172 1541 1220 eaque
1567 1155 1678 1204 Sex.

183 1241 333 1290 Albio
366 1239 580 1305 quodam
615 1239 801 1298 colono,
830 1238 1030 1287 homine
1062 1237 1263 1297 valenti,
1293 1237 1377 1301 qui
1407 1237 1554 1285 simul
1580 1254 1682 1286 esse

183 1323 386 1382 solebat,
413 1320 705 1370 familiarius
740 1324 968 1368 uteretur
999 1335 1148 1382 quam
1171 1318 1249 1366 vir
1274 1317 1682 1367 dissolutissimus

182 1403 416 1452 incolumi
451 1402 652 1451 fortuna
687 1401 792 1465 pati
828 1406 1007 1464 posset,
1038 1406 1089 1448 et
1116 1399 1193 1448 ius
1222 1399 1347 1447 illud
1377 1399 1681 1448 matrimonii
1711 1415 1758 1459 15

183 1491 373 1534 castum
419 1490 568 1547 atque
615 1483 895 1547 legitimum
937 1481 1256 1530 damnatione
1297 1480 1392 1529 viri
1433 1481 1682 1529 sublatum

183 1567 520 1625 arbitraretur,
572 1565 888 1613 Nicostratus
947 1563 1162 1627 quidam,
1213 1562 1373 1610 fidelis
1422 1562 1682 1626 Oppianici

183 1648 417 1706 servulus
480 1645 793 1710 percuriosus
853 1650 903 1693 et
959 1643 1163 1692 minime
1233 1642 1464 1703 mendax,
1524 1643 1679 1692 multa

183 1729 367 1778 dicitur
424 1727 626 1776 domino
684 1726 969 1775 renuntiare
1028 1724 1202 1773 solitus
1261 1740 1379 1773 esse.
1486 1723 1683 1772 Interea

184 1809 487 1874 Oppianicus
523 1825 635 1857 cum
670 1808 768 1855 iam
805 1806 1168 1855 convalesceret
1203 1821 1363 1869 neque
1399 1805 1683 1868 improbita-
1707 1821 1760 1850 20

184 1900 284 1940 tem
319 1890 480 1939 coloni
509 1890 561 1937 in
593 1889 804 1937 Falerno
838 1887 1028 1936 diutius
1060 1887 1187 1935 ferre
1219 1892 1388 1950 posset
1422 1892 1472 1935 et
1500 1886 1594 1934 huc
1619 1887 1682 1935 ad

183 1972 357 2020 urbem
398 1971 648 2035 profectus
690 1968 1080 2018 esset—solebat
1127 1967 1260 2016 enim
1307 1973 1449 2016 extra
1488 1973 1683 2031 portam

184 2052 372 2117 aliquid
407 2052 588 2101 habere
615 2048 1147 2099 conducti—cecidisse
1177 2048 1239 2097 de
1269 2065 1396 2112 equo
1425 2048 1609 2097 dicitur
1633 2054 1683 2097 et

184 2135 331 2183 homo
355 2134 552 2182 infirma
575 2131 861 2180 valetudine
897 2131 1028 2179 latus
1058 2130 1321 2178 offendisse
1346 2130 1679 2190 vehementer,

184 2223 246 2277 et,
275 2221 447 2280 postea
481 2231 629 2278 quam
666 2213 728 2262 ad
764 2213 938 2262 urbem
974 2229 1085 2260 cum
1121 2212 1243 2260 febri
1282 2211 1488 2271 venerit,
1516 2212 1682 2275 paucis
1707 2222 1756 2265 25

184 2298 363 2346 diebus
406 2313 510 2345 esse
568 2300 809 2343 mortuus.
905 2293 1087 2342 Mortis
1135 2293 1276 2353 ratio,
1327 2292 1526 2353 iudices,
1579 2293 1682 2341 eius

183 2379 320 2428 modi
356 2385 431 2427 est
466 2383 524 2426 ut
560 2382 647 2425 aut
684 2375 808 2424 nihil
843 2374 1025 2423 habeat
1054 2374 1344 2437 suspicionis
1370 2380 1469 2433 aut,
1496 2373 1537 2422 si
1563 2373 1680 2437 quid

184 2461 351 2518 habet,
378 2459 430 2507 id
456 2459 590 2506 intra
613 2458 828 2521 parietes
852 2457 904 2504 in
929 2455 1200 2504 domestico
1236 2454 1416 2503 scelere
1441 2464 1678 2504 versetur.

236 2596 274 2635 3.
300 2607 444 2635 casum
464 2591 634 2632 minime
648 2593 824 2641 firmam
901 2589 1079 2637 haberet,
1100 2600 1148 2629 ΒΤ
1165 2605 1173 2629 :
1196 2595 1370 2629 mortem
1389 2589 1493 2628 sati-3
1500 2589 1679 2638 firmam

187 2672 325 2699 ...non
345 2658 525 2706 haberet,
550 2672 591 2696 ω.
644 2657 681 2695 4.
707 2654 870 2706 quodsi,
894 2665 965 2694 ST:
993 2654 1043 2702 si,
1068 2669 1109 2692 ω.
1166 2654 1226 2694 10.
1254 2653 1303 2694 L.
1332 2653 1586 2703 Quinctium,
1610 2664 1680 2695 S'r:

185 2723 231 2766 0.
257 2722 549 2774 Quinctilium,
574 2736 615 2761 ω.
677 2721 741 2760 23.
766 2719 829 2768 de,
855 2730 929 2759 ST:
961 2731 1025 2767 ex,
1051 2734 1081 2757 ω
1101 2719 1139 2767 (ξ
1161 2719 1268 2767 186).
