1820 2956
174 123 237 170 56
610 122 740 171 PRO
777 122 840 172 A.
885 122 1240 174 CLUENTIO.

173 272 357 305 causam
386 256 586 319 pecunia
623 262 766 320 capta
803 273 1046 320 nusquam
1084 256 1314 305 Staienus
1352 256 1525 306 eadem
1561 257 1668 322 lege

172 336 316 386 dixit.
389 337 652 401 Proprium
692 337 878 386 crimen
916 337 1041 386 illud
1079 337 1384 401 quaestionis
1422 338 1528 387 eius
1567 355 1668 387 non

50 412 151 465 104
173 419 279 467 fuit.
352 418 690 467 Fidiculanius
728 418 848 482 quid
884 418 1056 468 fecisse
1095 418 1390 468 dicebatur?
1425 421 1668 484 accepisse

172 516 202 548 a
229 499 461 548 Cluentio
492 498 580 547 HS
610 500 735 545 65OE
808 499 963 548 Cuius
1001 505 1108 548 erat
1145 499 1333 548 ordinis
1353 502 1370 549 ‘l
1393 509 1397 513 ”
1418 501 1666 550 senatorii.

174 579 280 641 Qua
314 580 422 645 lege
456 580 509 627 in
545 596 602 628 eo
636 596 815 644 genere
852 597 880 629 a
915 586 1140 630 senatore
1175 582 1302 630 ratio
1335 583 1494 647 repeti
1528 582 1665 642 solet,
1721 592 1744 635 5

173 662 233 710 (16
258 662 478 726 pecuniis
502 661 805 725 repetundiS,
834 678 891 710 ea
915 662 1021 727 lege
1047 669 1300 712 accusatus
1325 663 1668 714 honestissime

173 749 249 792 est
283 743 537 792 absolutus
554 761 568 804 ;
614 748 725 791 acta
759 749 834 792 est
870 743 1002 791 enim
1038 760 1183 793 causa
1228 761 1364 793 more
1410 745 1666 806 maiorum,

173 825 276 873 sine
311 825 376 885 vi,
415 824 520 873 sine
557 831 707 885 metU,
749 824 854 873 sine
890 825 1107 888 periculo
1124 844 1138 887 3
1180 825 1314 874 dicta
1354 832 1405 875 et
1446 827 1671 890 exposita

173 912 223 954 et
247 905 585 955 demonstrata
609 911 726 954 sunt
751 905 916 954 omnia
934 925 947 967 3
986 906 1191 955 adducti
1215 906 1403 956 iudices
1428 914 1545 956 sunt
1569 924 1670 956 non

172 987 320 1036 modo
344 986 562 1051 potuisse
589 987 794 1036 honeste
813 987 875 1036 ab
895 1004 951 1036 eo
971 1004 1110 1036 reum
1130 988 1446 1036 condemnari
1466 989 1551 1052 qui
1571 1005 1671 1037 non
1699 1005 1746 1033 10

171 1074 411 1132 perpetuo
441 1068 661 1129 sedisset,
690 1068 791 1127 sed,
827 1067 962 1117 aliud
998 1069 1038 1117 si
1074 1069 1115 1117 is
1151 1069 1305 1118 iudex
1340 1068 1466 1117 nihil
1501 1071 1671 1118 scisset

172 1149 266 1197 nisi
285 1166 411 1213 quae
430 1149 731 1213 praeiudicia
749 1149 810 1198 de
830 1166 887 1198 eo
907 1150 1036 1198 facta
1061 1167 1163 1199 esse
1184 1156 1481 1211 constarent,
1501 1151 1670 1200 audire

51 1231 149 1283 105
173 1237 426 1295 praeterea
471 1231 597 1279 nihil
646 1231 888 1280 debuisse.
985 1231 1282 1282 XXXVIII.
1345 1233 1472 1281 Tum
1521 1233 1670 1290 etiam

171 1311 245 1360 illi
281 1313 499 1377 quinque
536 1313 635 1377 qui,
674 1313 1019 1376 imperitorum
1061 1313 1322 1362 hominum
1363 1314 1670 1363 rumusculos

173 1393 416 1456 aucupati,
478 1398 587 1442 tum
643 1393 787 1442 illum
837 1394 1173 1454 absolverunt,
1227 1394 1326 1443 iam
1384 1412 1524 1444 suam
1582 1395 1671 1444 cle·
1697 1417 1744 1460 15

171 1474 409 1522 mentiam
444 1473 639 1523 laudari
674 1491 854 1539 magno
891 1491 1036 1539 opere
1078 1475 1329 1525 nolebant.
1400 1476 1450 1525 A
1490 1476 1670 1540 quibus

172 1554 214 1603 si
238 1555 324 1619 qui
353 1560 613 1619 quaereret
645 1556 952 1605 sedissentne
981 1557 1168 1606 iudices
1200 1559 1253 1607 in
1290 1558 1343 1607 O.
1370 1557 1665 1619 Fabricium,

172 1637 354 1685 sedisse
402 1654 453 1686 se
499 1637 721 1686 dicerent
742 1656 755 1698 3
814 1638 855 1686 si
913 1639 1342 1703 interrogarentur
1399 1657 1518 1689 num
1571 1657 1670 1704 quo

171 1717 375 1767 crimine
416 1718 457 1767 is
496 1724 625 1767 esset
663 1726 918 1768 accusatus
957 1726 1306 1784 praeterquam
1344 1722 1525 1770 veneni
1566 1722 1669 1770 eius

171 1800 304 1864 quod
330 1801 609 1864 quaesitum
637 1801 825 1850 Habito
850 1801 1109 1862 diceretur,
1138 1808 1377 1867 negarent
1384 1822 1399 1865 3
1424 1803 1464 1851 si
1489 1803 1668 1853 deinde
1693 1824 1746 1853 20

171 1887 335 1931 essent
398 1882 558 1946 rogati
622 1882 743 1946 quid
813 1882 1131 1942 iudicassent,
1197 1884 1548 1934 condemnasse
1617 1902 1668 1935 se

171 1962 392 2011 dicerent
407 1981 421 2023 3
458 1980 603 2012 nemo
634 1964 767 2012 enim
801 1964 1027 2013 absolvit.
1101 1965 1291 2014 Eodem
1323 1966 1471 2015 modo
1501 1984 1669 2030 quaes-

170 2044 296 2092 itum
321 2044 362 2092 si
387 2050 515 2092 esset
541 2044 601 2092 de
630 2044 944 2105 Scamandro,
967 2051 1098 2094 certe
1123 2046 1256 2094 idem
1280 2047 1667 2112 respondissent,

170 2125 368 2174 tametsi
417 2125 501 2174 ille
539 2142 638 2173 una
676 2126 923 2174 sententia
967 2132 1043 2175 est
1083 2127 1353 2188 absolutus,
1402 2129 1488 2177 sed
1530 2129 1666 2178 illam

48 2203 147 2256 106
172 2223 322 2254 unam
359 2223 504 2255 nemo
552 2213 659 2254 tum
706 2207 916 2255 istorum
963 2224 1104 2255 suam
1154 2207 1251 2257 dici
1300 2209 1464 2258 vellet.
1538 2210 1667 2260 Uter
1690 2226 1739 2270 25

169 2288 321 2352 igitur
370 2287 562 2336 facilius
610 2304 726 2337 suae
779 2289 1055 2337 sententiae
1103 2290 1347 2339 rationem
1401 2291 1663 2342 redderet:

169 2369 274 2417 isne
310 2369 395 2432 qui
432 2385 483 2418 se
520 2374 569 2417 et
605 2369 700 2417 sibi
737 2374 787 2418 et
821 2369 893 2418 rei
930 2369 1174 2419 iudicatae
1212 2372 1490 2422 constitisse
1526 2373 1660 2435 dicit,

169 2467 232 2499 an
290 2450 372 2498 ille
430 2451 513 2514 qui
562 2467 612 2499 se
660 2450 713 2499 in
766 2451 1037 2514 principem
1088 2452 1316 2501 maleficii
1374 2454 1550 2513 lenem,
1610 2456 1662 2504 in

222 2585 259 2625 3.
293 2584 734 2634 accepisse—HSoooo,
763 2595 812 2624 ST
835 2584 927 2625 soli.
992 2587 1053 2625 11.
1088 2585 1212 2626 aliud
1236 2587 1274 2626 si
1301 2588 1350 2636 is,
1378 2599 1430 2628 'rz
1461 2588 1584 2629 aliud
1608 2590 1656 2639 is,

168 2659 214 2689 S:
245 2649 282 2688 si
302 2649 424 2688 aliud
444 2648 492 2696 is,
519 2664 574 2688 w:
601 2648 723 2688 aliud
743 2649 792 2698 si,
817 2649 964 2698 Halm,
989 2649 1150 2690 Baiter.
1206 2651 1267 2690 12.
1293 2658 1511 2701 constaret,
1536 2654 1660 2693 Lam-

167 2712 307 2753 binus.
369 2715 432 2753 26.
467 2713 626 2762 reddet,
653 2713 838 2753 Ernesti.
