1858 2956
635 93 763 146 PRO
797 98 859 144 A.
905 94 1264 146 G'LUENTIO.
1631 97 1692 144 87

195 237 388 279 vestrae
439 246 587 294 quam
635 229 749 278 odio
805 229 1030 293 pareatis.
1130 229 1222 278 Est
1273 229 1406 277 enim
1458 229 1695 292 sapientis
1721 227 1821 279 159

194 309 370 358 iudicis
406 311 622 375 cogitare
658 317 856 358 tantum
894 309 989 359 sibi
1031 327 1060 358 a
1099 309 1284 374 populo
1323 310 1550 359 Romano
1592 326 1695 358 esse

193 392 487 455 permissum
523 398 766 456 quantum
801 392 1117 440 commissum
1154 392 1220 440 sit
1255 398 1306 441 et
1347 391 1606 452 creditum,
1646 397 1696 440 et

193 489 293 522 non
322 472 481 521 solum
507 473 600 522 sibi
627 478 923 537 potestatem
951 473 1136 532 datam,
1164 490 1337 521 verum
1363 472 1514 522 etiam
1547 472 1695 522 fidem

145 571 168 615 5
192 553 414 603 habitam
456 570 561 603 esse
602 554 917 614 meminisse3
971 571 1114 618 posse
1157 571 1303 618 quem
1346 554 1508 603 oderit
1543 554 1694 603 absol-

193 652 320 696 vere,
359 652 506 700 quem
554 652 654 684 non
697 635 859 685 oderit
899 635 1243 695 condemnare,
1282 643 1333 684 et
1370 652 1564 700 semper
1595 652 1692 684 non

192 717 312 780 quid
338 717 443 781 ipse
468 716 602 778 velit,
630 716 716 765 sed
742 716 865 781 quid
895 716 976 766 lex
1011 723 1061 766 et
1085 717 1259 782 religio
1284 723 1426 781 cogat
1451 717 1695 782 cogitare;

192 798 586 846 animadvertere
619 815 716 862 qua
751 798 858 862 lege
887 814 999 846 reus
1033 798 1227 856 citetur,
1256 797 1318 846 de
1343 814 1440 862 quo
1473 815 1558 847 reo
1591 796 1696 862 eog'·

191 885 375 938 noscat,
409 895 535 943 quae
568 895 645 927 res
678 871 729 927 in
767 879 1058 943 quaestione
1094 885 1332 927 versetur.
1418 877 1543 928 Cum
1577 879 1698 928 haec

119 983 168 1012 10
190 966 307 1008 sunt
354 959 572 1009 videnda
618 964 727 1008 tum
775 976 894 1009 vero
953 959 1078 1008 illud
1126 966 1202 1008 est
1249 960 1464 1009 hominis
1512 961 1692 1025 magni,

189 1041 387 1103 iudices,
433 1047 583 1106 atque
623 1042 875 1106 sapientis,
921 1059 1031 1091 cum
1079 1041 1215 1090 illam
1264 1042 1517 1091 iudicandi
1551 1060 1697 1092 causa

189 1123 424 1172 tabellam
450 1124 731 1188 sumpserit,
753 1116 860 1172 ¹non
885 1140 936 1172 se
961 1130 1192 1187 reputare
1218 1123 1377 1173 solum
1404 1141 1509 1173 esse
1534 1142 1695 1189 neque

189 1205 282 1253 sibi
325 1205 672 1269 quodcumque
721 1205 1026 1269 concupierit
1071 1205 1228 1266 licere,
1280 1205 1366 1254 sed
1412 1206 1594 1256 habere
1643 1208 1695 1256 in

189 1287 392 1335 consilio
418 1287 592 1352 legem,
615 1286 918 1351 religionem,
942 1287 1258 1351 aequitatem,
1283 1288 1432 1337 fidem
1451 1306 1463 1349 3
1500 1289 1696 1338 libidin-

118 1387 163 1429 15
189 1385 266 1416 em
308 1374 490 1429 autem,
535 1368 720 1429 odium,
764 1368 1021 1430 invidiam,
1065 1375 1255 1418 metum
1298 1370 1695 1435 cupiditatesque

188 1466 358 1498 omnes
405 1466 635 1498 amovere
682 1449 987 1514 maximique
1035 1451 1296 1499 aestimare
1344 1452 1696 1501 conscientiam

191 1530 368 1579 mentis
407 1547 536 1590 suae,
579 1548 728 1594 quam
769 1531 831 1579 ab
873 1530 950 1580 dis
992 1531 1359 1580 immortalibus
1402 1533 1692 1597 accepimus,

189 1629 313 1676 quae
347 1629 376 1662 a
407 1613 550 1661 nobis
586 1612 758 1661 divelli
793 1629 894 1661 non
926 1618 1091 1677 potest
1108 1632 1121 1674 3
1164 1629 1288 1676 quae
1319 1614 1360 1662 si
1394 1614 1695 1678 optimorum

189 1693 507 1742 consiliorum
540 1699 690 1758 atque
715 1693 959 1742 factorum
985 1693 1129 1743 testis
1161 1694 1213 1742 in
1246 1695 1383 1743 omni
1412 1695 1517 1743 vita
1552 1696 1695 1745 nobis

115 1795 165 1823 20
189 1775 295 1834 erit,
319 1774 425 1823 sine
451 1774 552 1823 ullo
577 1780 714 1823 metu
740 1781 790 1823 et
816 1791 1008 1823 summa
1032 1791 1145 1823 cum
1172 1774 1434 1824 honestate
1452 1777 1691 1826 vivemus.

190 1856 326 1905 Haec
351 1856 392 1904 si
418 1856 470 1904 T.
502 1856 680 1904 Accius
707 1862 793 1904 aut
826 1857 1140 1920 cognovisset
1165 1863 1252 1905 aut
1283 1857 1560 1921 cogitasset,
1588 1875 1695 1922 pro·
1719 1865 1819 1917 160

188 1938 316 1987 fecto
340 1954 402 1986 ne
427 1944 633 1986 conatus
665 1937 867 2001 quidem
902 1944 1031 1986 esset
1060 1937 1237 1999 dicere,
1270 1938 1322 1986 id
1352 1939 1487 2002 quod
1526 1939 1695 1988 multis

188 2018 351 2067 verbis
376 2018 490 2083 egit,
519 2018 733 2067 iudicem
759 2018 893 2082 quod
927 2018 971 2067 ei
1005 2018 1236 2067 videatur
1265 2026 1485 2069 statuere
1519 2027 1570 2069 et
1593 2038 1692 2070 non

188 2099 470 2148 devinctum
499 2099 689 2164 legibus
715 2116 818 2148 esse
843 2105 1084 2163 oportere.

115 2198 164 2241 ²5
257 2181 446 2242 Quibus
505 2180 568 2230 de
627 2181 775 2230 rebus
833 2181 958 2229 mihi
1018 2198 1107 2245 pro
1173 2181 1376 2231 Cluenti
1433 2182 1694 2233 voluntate

188 2263 413 2322 nimium,
435 2279 525 2326 pro
550 2263 622 2311 rei
648 2262 896 2327 dignitate
920 2279 1110 2326 parum,
1135 2280 1224 2327 pro
1244 2270 1410 2312 vestra
1429 2264 1695 2327 prudentia

189 2345 309 2393 satis
344 2344 528 2394 dixisse
564 2344 750 2394 videor.
825 2344 1038 2409 Reliqua
1079 2362 1325 2409 perpauca
1365 2352 1516 2407 sunt3
1567 2363 1692 2411 quae

241 2505 280 2545 2.
320 2504 449 2545 After
486 2505 640 2546 iudicis
678 2517 727 2546 S'r
764 2506 875 2546 have
909 2520 964 2546 an
997 2505 1179 2546 obvious
1216 2507 1332 2559 gloss
1370 2507 1621 2557 [meminisse
1654 2521 1694 2548 se

190 2570 426 2620 hominemj.
479 2572 516 2613 7.
543 2575 675 2621 coyat,
692 2584 775 2610 om.
796 2582 866 2611 s'r:
888 2570 956 2610 for
976 2570 1160 2622 coyicare
1181 2571 1394 2624 Pluygers
1414 2572 1694 2624 conjectured

191 2633 393 2677 iudicare.
412 2634 630 2674 Hartman
649 2648 813 2687 roqare.
870 2637 930 2675 12.
956 2640 1156 2685 reputare
1175 2636 1307 2676 solum
1329 2649 1425 2685 esse,
1445 2648 1513 2676 ST:
1538 2643 1695 2687 putare

191 2711 273 2738 esse
293 2699 440 2748 solum,
463 2714 507 2739 ω.
