1858 2956
617 139 747 190 PRO
783 141 846 189 A.
892 141 1248 191 CLUENTIO.
1583 142 1675 189 105

183 272 536 323 —incredibile
573 273 710 323 dictu
749 280 837 334 est,
878 274 964 324 sed
1012 292 1040 323 a
1081 292 1158 324 me
1198 275 1449 324 verissime
1485 274 1678 324 dicetur

182 370 419 403 ——omnes
460 354 730 415 Larinates,
771 355 855 418 qui
895 355 1171 415 valuerunt,
1214 356 1404 404 venisse
1447 356 1673 415 Romam,

182 440 240 483 ut
275 434 405 483 hunc
444 435 620 484 studio
646 436 1021 500 frequentiaque
1058 453 1147 485 sua
1184 443 1427 500 quantum
1477 443 1677 500 possent

181 515 232 563 in
269 522 409 565 tanto
445 517 549 565 eius
584 516 801 580 periculo
837 516 1163 566 sublevarent.
1238 517 1410 565 Pueris
1435 516 1560 566 illud
1585 517 1676 566 hoc

135 613 158 656 5
182 603 402 660 tempore
431 602 482 646 et
513 597 800 646 mulieribus
824 598 1062 661 oppidum
1089 598 1263 647 scitote
1289 615 1392 647 esse
1418 598 1674 658 traditum,

180 676 330 741 idque
365 678 417 726 in
452 679 732 742 praesentia
757 678 1028 745 [communi
1053 679 1227 728 Italiae
1247 678 1387 745 pace]
1412 679 1465 727 in
1490 679 1677 728 domes-

180 758 291 806 ticis
331 759 484 822 copiis
521 776 625 809 esse
666 765 844 810 totum.
935 760 1068 820 Quos
1116 765 1282 809 tamen
1331 760 1463 824 ipsos
1505 777 1674 824 aeque,

180 845 230 887 et
275 855 357 888 eos
403 856 525 903 quos
578 847 859 904 praesentes
918 840 1114 900 videtis,
1164 841 1312 889 huius
1372 841 1676 905 exspectatio

177 916 350 966 iudicii
394 918 500 967 dies
546 925 812 982 noctesque
866 919 1111 968 sollicitat.
1184 918 1300 967 Non
1349 918 1422 966 illi
1470 935 1557 967 vos
1616 918 1676 967 de
1701 915 1799 967 196

107 1022 156 1052 10
178 998 325 1047 unius
370 999 630 1062 municipis
676 999 890 1048 fortunis
930 999 1250 1059 arbitrantur,
1287 999 1373 1048 sed
1415 999 1477 1047 de
1519 1000 1675 1048 totius

178 1079 435 1144 municipii
489 1087 636 1140 stam,
699 1080 956 1145 dignitate,
1016 1079 1385 1143 commodisque
1446 1080 1675 1128 omnibus

177 1160 446 1209 sententias
488 1177 592 1210 esse
638 1161 836 1210 laturos.
911 1161 1114 1210 Summa
1160 1167 1236 1209 est
1288 1161 1434 1220 enim,
1472 1160 1671 1220 iudices,

176 1241 390 1290 hominis
427 1243 476 1290 in
517 1259 825 1291 communem
865 1241 1123 1305 municipii
1165 1258 1268 1290 rem
1310 1241 1583 1305 diligentia,
1622 1241 1674 1290 in

176 1322 393 1387 singulos
439 1323 711 1387 municipes
768 1323 1061 1386 benignitas,
1111 1322 1163 1370 in
1223 1339 1392 1370 omnes
1449 1322 1674 1371 homines

104 1423 151 1468 15
174 1402 365 1452 iustitia
405 1409 456 1452 et
496 1403 630 1452 fides.
702 1404 966 1452 Praeterea
1003 1402 1317 1452 nobilitatem
1358 1402 1495 1451 illam
1543 1403 1675 1451 inter

174 1501 288 1534 suos
328 1484 590 1548 locumque
632 1501 660 1533 a
684 1484 950 1533 maioribus
993 1484 1235 1533 traditum
1283 1484 1352 1532 sic
1400 1489 1570 1533 tuetur
1615 1490 1673 1532 ut

174 1566 416 1615 maiorum
472 1566 784 1631 gravitatem,
841 1565 1184 1626 constantiam,
1245 1565 1470 1629 gratiam,
1531 1565 1673 1613 liber-

173 1647 395 1696 alitatem
428 1646 738 1710 adsequatur.
813 1646 990 1710 Itaque
1027 1646 1096 1695 eis
1140 1663 1252 1695 eum
1283 1646 1445 1694 verbis
1475 1645 1671 1709 publice

172 1726 379 1776 laudant
406 1733 463 1776 ut
486 1744 586 1776 non
612 1727 770 1775 solum
797 1727 1140 1776 testimonium
1167 1743 1312 1774 suum
1336 1725 1671 1790 iudiciumque

97 1830 151 1859 20
173 1808 463 1872 significent,
511 1825 682 1856 verum
726 1807 879 1856 etiam
915 1824 1081 1856 curam
1129 1808 1280 1855 animi
1329 1824 1383 1856 ac
1432 1806 1667 1855 dolorem.

173 1889 310 1950 Quae
350 1888 470 1938 dum
511 1888 734 1938 laudatio
770 1889 1018 1947 recitatur,
1064 1905 1165 1949 vos,
1205 1905 1402 1952 quaeso,
1441 1888 1527 1951 qui
1563 1905 1671 1937 eam

171 1970 432 2031 detulistis,
477 1970 742 2034 adsurgite.

237 2052 315 2100 Ex
359 2051 574 2100 lacrimis
621 2051 814 2109 horum,
865 2049 1065 2109 iudices,
1117 2050 1403 2099 existimare
1462 2050 1669 2113 potestis
1695 2044 1794 2098 197

171 2149 340 2181 omnes
374 2132 494 2180 haec
530 2132 821 2181 decuriones
856 2131 1131 2180 decrevisse
1160 2130 1488 2179 lacrimantes,
1562 2131 1669 2194 Age

96 2231 147 2275 25
170 2230 300 2273 vero,
326 2214 603 2262 vicinorum
638 2218 883 2276 quantum
919 2211 1155 2271 studium,
1183 2228 1331 2275 quam
1366 2210 1669 2259 incredibilis

170 2294 525 2355 benevolentia,
571 2300 759 2357 quanta
800 2309 917 2342 cura
958 2296 1055 2341 est!
1127 2291 1175 2340 N
1179 2308 1243 2340 on
1284 2291 1446 2339 illi-in
1488 2290 1668 2340 libellis

168 2374 506 2424 laudationem
541 2374 789 2423 decretam
825 2374 1081 2432 miserunt,
1111 2372 1197 2421 sed
1227 2372 1450 2421 homines
1475 2371 1664 2420 honest-

223 2536 260 2575 6.
295 2534 503 2575 communi
531 2534 687 2575 Italiae
709 2547 819 2587 pace
847 2534 869 2573 I
899 2534 1009 2573 have
1037 2532 1300 2573 bracketed:
1326 2545 1396 2572 see
1420 2531 1571 2572 Notes.
1624 2531 1670 2571 in

169 2599 403 2639 domesticis
431 2599 562 2651 copiis
590 2612 672 2639 esse
701 2605 846 2647 totum,
878 2598 1024 2638 codd.:
1054 2611 1137 2637 uon
1165 2597 1398 2637 domesticis
1428 2595 1559 2647 copiis
1587 2608 1669 2636 esse

169 2669 318 2712 tutum,
342 2663 536 2716 Madvig.
597 2665 662 2707 27.
695 2662 987 2704 laudationem
1014 2662 1235 2710 decretam,
1264 2671 1341 2701 s'r:
1370 2659 1669 2701 laudationum

169 2728 349 2778 decreta,
373 2743 415 2768 ω.
