1858 2956
165 111 226 158 76
605 109 727 159 PRO
763 110 827 159 A.
870 109 1226 161 GLUENTIO.

43 242 140 293 141
164 244 476 308 aliquantum
523 261 626 292 esse
674 251 948 293 commotus
996 244 1191 293 dicitur.
1266 245 1441 309 Itaque
1487 245 1538 293 in
1585 261 1658 294 re-

164 325 454 389 spondendo
512 326 727 389 primum
787 325 1017 389 exposuit
1087 327 1344 389 utriusque
1414 326 1652 374 rationem

165 408 414 470 temporis,
453 412 509 454 ut
544 407 702 455 oratio
739 424 800 455 ex
836 424 888 455 re
926 412 977 454 et
1013 423 1074 455 ex
1113 423 1257 455 causa
1293 406 1466 455 habita
1500 406 1656 454 vider·

164 495 276 536 etur
292 507 305 549 3
363 487 544 536 deinde
598 495 654 536 ut
705 488 990 552 intellegere
1044 494 1208 550 posset
1265 487 1452 535 Brutus
1510 503 1656 550 quem

163 568 416 618 homiaem
449 575 500 618 et
531 586 631 618 non
665 569 821 618 solum
856 586 954 633 qua
986 568 1283 632 eloquentia,
1310 585 1482 617 verum
1508 568 1656 616 etiam

163 666 263 713 quo
299 649 465 712 lepore
503 656 554 698 et
591 650 770 714 quibus
807 648 997 698 facetiis
1043 649 1322 712 praeditum
1370 649 1652 710 lacessisset,

164 737 265 778 tres
307 731 411 794 ipse
453 731 690 779 excitavit
736 731 1022 779 recitatores
1069 746 1179 778 cum
1226 730 1433 795 singulis
1466 730 1657 797 „libellis

165 828 286 875 quos
336 811 403 860 M.
455 811 654 871 Brutus,
708 818 848 876 pater
905 811 1038 860 illius
1085 812 1394 870 accusatoris,
1445 811 1505 860 de
1552 812 1657 860 iure

165 892 297 940 civili
339 892 554 956 reliquit.
660 892 844 941 Eorum
896 892 1042 941 initia
1094 909 1203 940 cum
1252 893 1659 953 recitarentur,—

165 989 222 1021 ea
250 990 375 1037 quae
403 973 546 1022 vobis
578 980 697 1022 nota
729 990 833 1022 esse
863 974 1103 1023 arbitror:
1147 974 1344 1022 ‘Forte
1374 974 1570 1023 evenit
1600 983 1659 1021 ut

165 1054 284 1102 ruri
343 1054 401 1102 in
462 1053 800 1102 Privernati
863 1071 1115 1103 essemus
1173 1071 1274 1119 ego
1333 1062 1384 1104 et
1447 1055 1658 1103 Brutus

164 1135 295 1183 filiu
311 1134 369 1194 s‚’
393 1134 605 1183 fundum
631 1135 974 1184 Privernatem
994 1136 1279 1199 flagitabat3
1316 1143 1326 1163 ‘
1343 1135 1409 1184 In
1434 1136 1659 1185 Albano

165 1233 387 1266 eramus
417 1233 520 1280 ego
550 1222 608 1265 et
636 1216 855 1264 Brutus
887 1216 1086 1277 filius,'
1119 1217 1369 1266 Albanum
1399 1217 1658 1281 poscebat3

167 1297 261 1345 ‘In
311 1297 547 1346 Tiburti
598 1297 751 1345 forte
800 1313 925 1346 cum
974 1298 1405 1347 adsedissemus
1453 1315 1556 1363 ego
1604 1305 1660 1347 et

164 1378 280 1427 Bru
291 1385 384 1426 tus
399 1378 594 1439 filius,'
612 1378 872 1427 Tiburtem
888 1379 1101 1427 fundum
1117 1379 1400 1443 requirebat
1408 1397 1422 1440 3
1446 1379 1659 1428 Brutum

165 1466 346 1521 autem,
400 1459 653 1508 hominem
704 1459 992 1523 sapientem,
1047 1460 1182 1524 quod
1240 1461 1330 1510 filii
1388 1461 1656 1524 nequitiam

164 1541 371 1600 videret,
397 1558 523 1605 quae
548 1540 749 1605 praedia
773 1541 817 1590 ei
841 1541 1142 1605 relinqueret
1166 1542 1418 1590 testificari
1447 1531 1662 1591 voluisse

165 1623 371 1672 dicebat.
459 1622 605 1683 Quod
646 1622 687 1670 si
728 1622 973 1686 potuisset
1013 1623 1219 1671 honeste
1266 1623 1476 1672 scribere
1517 1640 1568 1672 se
1608 1624 1660 1672 in

165 1704 353 1753 balneis
392 1721 503 1752 cum
539 1703 590 1752 id
631 1704 807 1752 aetatis
848 1703 949 1752 filio
987 1704 1151 1763 fuisse,
1189 1721 1288 1752 non
1318 1705 1660 1768 praeterisset:

165 1803 246 1835 eas
281 1803 331 1834 se
364 1792 532 1834 tamen
565 1785 628 1834 ab
663 1801 721 1834 eo
750 1785 949 1834 balneas
979 1802 1078 1833 non
1109 1802 1170 1834 ex
1203 1785 1342 1833 libris
1373 1785 1541 1848 patris,
1575 1785 1660 1833 sed

166 1884 228 1916 ex
275 1867 458 1915 tabulis
494 1873 544 1915 et
580 1883 641 1914 ex
677 1882 825 1914 censu
866 1882 1110 1929 quaerere.
1198 1866 1403 1916 Crassus
1443 1872 1551 1915 tum
1591 1867 1662 1915 ita

166 1948 378 1997 Brutum
397 1947 533 1996 ultus
552 1953 627 1996 est
650 1953 707 1995 ut
730 1947 870 1995 illum
895 1948 1199 1996 recitationis
1219 1965 1334 1996 suae
1359 1948 1662 2012 paeniteret3

166 2029 372 2078 moleste
413 2028 546 2078 enim
587 2029 796 2077 fortasse
836 2027 1023 2077 tulerat
1061 2046 1112 2078 se
1151 2030 1202 2077 in
1244 2031 1314 2078 eis
1356 2030 1661 2078 orationibus

166 2110 533 2175 reprehensum,
560 2125 681 2173 quas
710 2109 772 2158 de
801 2126 853 2157 re
882 2110 1079 2173 publica
1107 2110 1375 2168 habuisset,
1402 2111 1453 2158 in
1482 2111 1662 2174 quibus

46 2199 144 2251 142
166 2192 374 2241 forsitan
421 2191 576 2255 magis
624 2191 905 2254 requiratur
951 2191 1242 2240 constantia.
1338 2191 1442 2256 Ego
1498 2199 1660 2240 autem

166 2272 252 2321 illa
292 2273 499 2321 recitata
541 2289 644 2321 esse
682 2289 783 2320 non
821 2272 1026 2321 moleste
1064 2273 1199 2332 fero3
1235 2289 1393 2336 neque
1432 2272 1562 2321 enim
1601 2274 1661 2321 ab

166 2353 252 2402 illo
288 2361 510 2417 tempore
546 2353 679 2417 quod
710 2360 819 2401 tum
849 2359 968 2414 erat,
996 2370 1155 2417 neque
1186 2354 1247 2402 ab
1277 2370 1334 2402 ea
1363 2371 1506 2402 causa
1539 2371 1661 2418 quae

167 2442 273 2484 tum
310 2435 550 2499 agebatur
584 2434 744 2483 aliena
779 2435 1011 2495 fuerunt3
1047 2451 1207 2498 neque
1242 2434 1364 2482 mihi
1401 2435 1662 2498 quicquam

221 2571 244 2585 y-

227 2583 257 2612 ι.
292 2568 392 2620 ipse,
417 2580 493 2609 S'r:
525 2569 683 2619 etipse,
707 2584 736 2607 ω
761 2570 848 2617 (see
875 2581 930 2607 on
950 2568 1049 2608 Tac.
1075 2568 1196 2613 Dial.
1221 2569 1284 2608 30.
1314 2569 1349 2616 1,
1373 2568 1459 2608 and
1483 2568 1661 2621 Nagels-

164 2632 313 2683 bach⁸‚
336 2646 378 2685 p.
402 2634 481 2674 366
501 2634 634 2682 note).
699 2632 760 2675 17.
795 2631 981 2681 voluisse,
1002 2647 1053 2673 w:
1082 2645 1122 2673 se
1144 2632 1434 2681 voluisse,STM.
1493 2633 1558 2673 20.
1593 2645 1663 2673 eas

164 2711 206 2739 se
225 2704 377 2746 tamen,
402 2712 458 2737 w:
490 2711 559 2737 eas
578 2703 731 2745 camon,
754 2707 813 2738 ST.

1687 995 1735 1023 10

1690 1380 1755 1438 15'

1686 1802 1737 1830 20

1686 2203 1735 2246 25
