1820 2956
130 106 190 151 28
559 104 691 154 PRO
733 103 796 154 A.
840 103 1197 156 CLUENTIO.

127 237 456 302 extorquebat,
518 255 544 286 e
606 237 848 286 manibus.
955 238 1008 286 Si
1083 239 1420 301 quaesiveram
1496 256 1621 303 quae

126 318 415 367 inimicitiae
452 317 753 367 Scamandro
790 335 901 367 cum
938 318 1140 379 Habito,
1179 319 1430 368 fatebatur
1464 320 1622 368 nullas

124 401 288 461 fuisse,
332 400 420 449 sed
462 400 805 469 Oppianicum,
847 400 984 448 cuius
1031 400 1115 449 ille
1161 400 1387 449 minister
1431 401 1618 461 fuisset,

124 479 237 529 huic
275 481 669 530 inimicissimum
709 481 861 529 fuisse
901 487 1050 545 atque
1092 497 1196 530 esse
1237 481 1449 534 dicebat.
1533 482 1622 531 Sin

125 567 292 610 autem
327 561 453 610 illud
492 578 700 626 egeram,
738 561 931 610 nullum
969 562 1032 610 ad
1071 562 1425 611 Scamandrum
1463 570 1621 612 morte
1674 578 1697 622 5

125 642 300 690 Habiti
348 648 616 691 venturum
665 642 1051 691 emolumentum
1102 643 1265 703 fuisse,
1308 644 1619 705 concedebat,

125 723 211 772 sed
268 723 332 772 ad
390 740 597 772 uxorem
656 722 932 787 Oppianici,
994 723 1210 772 hominis
1267 724 1319 772 in
1382 726 1620 774 uxoribus

124 804 355 853 necandis
414 804 687 864 exercitati,
749 805 914 853 omnia
971 804 1102 853 bona
1170 805 1347 853 Habiti
1411 813 1621 856 ventura

123 886 270 935 fuisse
318 885 528 935 dicebat.
623 885 752 934 Cum
810 885 896 933 illa
952 885 1236 935 defensione
1283 903 1401 935 usus
1448 903 1616 948 essem,

123 984 246 1031 quae
305 967 357 1015 in
415 967 759 1016 libertinorum
819 967 976 1015 causis
1033 966 1383 1016 honestissima
1428 985 1621 1032 semper
1648 989 1697 1017 10

123 1047 407 1096 existimata
443 1054 531 1107 est,
561 1047 918 1096 Scamandrum
954 1053 1164 1111 patrono
1200 1064 1303 1097 esse
1338 1049 1616 1112 probatum,

121 1129 382 1189 fatebatur,
435 1128 522 1177 sed
580 1128 850 1192 quaerebat
907 1129 987 1176 cui
1045 1129 1283 1192 probatus
1336 1136 1465 1178 esset
1516 1131 1619 1194 ipse

31 1209 98 1262 53
122 1217 373 1273 patronus.
448 1209 575 1259 Cum
612 1226 703 1274 ego
744 1209 970 1272 pluribus
1005 1210 1168 1259 verbis
1204 1211 1256 1258 in
1292 1228 1349 1260 eo
1385 1227 1618 1260 commor-

121 1297 230 1339 atus
289 1307 460 1349 essem,
523 1290 827 1339 Scamandro
897 1290 1102 1339 insidias
1159 1291 1312 1340 factas
1370 1308 1473 1341 esse
1530 1309 1618 1356 per

119 1371 394 1436 Diogenem
430 1372 859 1435 constitutumque
894 1372 1027 1420 inter
1055 1388 1138 1421 eos
1163 1372 1266 1439 ‘alia
1289 1372 1351 1421 de
1374 1389 1427 1422 re
1452 1373 1614 1433 fuisse,
1646 1394 1693 1437 15

119 1458 176 1501 ut
217 1452 648 1510 medicamentum,
680 1469 782 1501 non
818 1469 1065 1501 venenum
1101 1452 1349 1518 Diogenes
1385 1454 1613 1515 adferret,

118 1532 211 1582 hoc
253 1534 408 1582 cuivis
450 1550 542 1582 usu
583 1533 752 1582 venire
793 1550 949 1598 posse,
988 1534 1256 1597 quaerebat
1296 1551 1382 1583 cur
1422 1535 1473 1583 in
1514 1536 1617 1584 eius

118 1615 254 1664 modi
300 1615 476 1674 locum,
517 1623 622 1663 tam
669 1614 910 1674 abditum,
956 1631 1041 1663 cur
1080 1615 1225 1674 solus,
1265 1632 1350 1664 cur
1388 1633 1497 1664 cum
1536 1617 1614 1665 ob-

119 1696 312 1760 signata
351 1696 560 1760 pecunia
601 1696 830 1744 venisset.
921 1696 1151 1760 Denique
1193 1696 1284 1745 hoc
1325 1697 1431 1746 loco
1472 1715 1616 1747 causa

119 1778 343 1837 testibus,
389 1777 749 1826 honestissimis
796 1776 1096 1837 hominibuS‚
1142 1778 1468 1841 premebatur.
1541 1780 1610 1829 M.
1638 1800 1691 1829 20

118 1857 330 1907 Baebius
388 1857 450 1906 de
508 1874 596 1906 suo
655 1857 859 1906 consilio
931 1858 1206 1923 Diogenem
1265 1866 1500 1923 emptum,
1562 1877 1612 1910 se

117 1945 374 2003 praesente
449 1938 804 1987 Scamandrum
875 1955 986 1987 cum
1050 1956 1240 1988 veneno
1311 1942 1612 2005 pecuniaque

117 2019 478 2084 deprehensum
538 2036 642 2068 esse
701 2019 896 2068 dicebat
915 2038 928 2080 3
988 2020 1041 2069 P.
1105 2021 1375 2081 Quintilius
1433 2022 1608 2084 Varus,

116 2101 264 2150 homo
305 2117 497 2150 summa
537 2100 774 2164 religione
817 2106 867 2149 et
905 2117 1097 2149 summa
1138 2103 1432 2151 auctoritate
1478 2121 1611 2167 prae-

116 2181 262 2242 ditus,
325 2182 386 2231 de
458 2181 650 2230 insidiis
722 2198 847 2245 quae
921 2182 1098 2231 fierent
1169 2183 1371 2244 Habito,
1431 2193 1482 2233 et
1550 2185 1610 2233 de
1635 2205 1685 2246 25

115 2263 461 2312 sollicitatione
497 2263 735 2326 Diogenis
770 2263 956 2311 recenti
981 2280 1032 2312 re
1057 2280 1221 2312 secum
1247 2264 1610 2329 Cleophantum

25 2348 91 2399 54
115 2344 411 2394 collocutum
447 2360 551 2393 esse
587 2344 796 2393 dicebat.
869 2343 1038 2408 Atque
1073 2345 1125 2393 in
1160 2345 1245 2394 illo
1281 2346 1463 2396 iudicio
1499 2364 1608 2396 cum

166 2497 204 2534 2.
239 2508 333 2535 cum
367 2493 542 2542 Habito,
576 2493 721 2534 codd.:
764 2507 859 2534 cum
891 2494 1050 2534 Habito
1067 2494 1268 2545 fuissent,
1301 2495 1486 2548 Kayser.
1563 2499 1600 2538 6.

101 2559 256 2610 fuisse,
289 2570 363 2599 S'r:
402 2572 498 2608 esse,
532 2573 574 2599 ω.
644 2560 705 2598 14.
739 2558 919 2598 insidias
936 2559 1098 2608 factm,
1132 2571 1208 2600 S'r:
1233 2561 1382 2611 factas
1410 2561 1600 2611 insidias,

113 2635 231 2664 FMW.
296 2625 358 2664 18.
393 2629 482 2663 tam
509 2623 700 2663 abditum
728 2623 806 2662 has
839 2622 948 2662 been
977 2623 1206 2675 suspected
1236 2637 1282 2664 as
1309 2638 1364 2665 an
1393 2625 1600 2678 adscript.

112 2689 177 2728 23.
213 2686 410 2738 Quintius
429 2701 477 2727 or
500 2687 730 2737 Quinctius,
757 2686 908 2726 codd.:
941 2686 1182 2736 Quintilius,
1207 2687 1305 2728 edd.
