1858 2956
177 158 268 207 108
606 158 734 209 PRO
769 161 833 210 Α.
876 158 1233 210 CLUENTIO.

47 287 146 339 201
171 308 275 341 esse
303 292 503 355 plurimi
536 293 756 356 cupiunt,
785 310 980 343 servare
1017 293 1107 342 soli
1133 310 1219 342 vos
1245 294 1464 358 potestis.
1537 294 1661 343 Orat

171 389 256 422 vos
292 364 521 433 Habitus,
548 373 748 434 iudices,
776 380 828 423 et
850 375 972 423 flens
999 375 1234 435 obsecrat,
1263 391 1325 423 ne
1350 391 1400 423 se
1426 374 1657 435 invidiae,

169 470 293 517 quae
318 453 370 501 in
395 453 590 502 iudiciis
607 454 768 503 valere
801 471 901 503 non
927 455 1088 515 debet,
1107 471 1169 503 ne
1195 455 1355 516 matri,
1384 455 1521 516 cuius
1544 461 1661 504 vota

168 539 219 582 et
265 551 430 598 preces
452 551 502 583 ⁴a
524 535 702 583 vestris
749 536 1000 584 mentibus
1046 535 1308 599 repudiare
1354 535 1559 596 debetis,
1598 553 1659 583 ne

168 614 455 678 Oppianico,
494 614 683 664 homini
719 616 920 676 nefario,
950 615 1278 665 condemnato
1314 617 1414 664 iam
1449 622 1501 665 et
1535 633 1660 665 mor·
1712 630 1734 674 5

166 701 267 754 tuo,
295 694 597 746 condonetis,
669 696 854 746 LXXI.
895 696 1041 757 Quod
1066 698 1104 745 si
1131 714 1229 760 qua
1253 697 1505 746 calamitas
1529 697 1660 745 hunc

165 776 218 824 in
242 775 334 824 hoc
358 777 539 825 iudicio
565 777 815 826 adflixerit
846 778 1175 837 innocentem,
1204 795 1266 826 ne
1295 778 1389 827 iste
1414 779 1574 838 miser,
1603 778 1658 838 si,

165 856 218 904 id
255 856 388 920 quod
430 857 626 906 difficile
663 858 799 906 factu
833 865 921 917 est,
957 859 1008 906 in
1046 859 1152 907 vita
1187 859 1476 919 remanebit,
1517 875 1659 922 saepe

165 942 216 985 et
239 937 452 985 multum
477 943 714 1001 queretur
737 929 1100 1002 deprehensum
1125 956 1228 987 esse
1252 939 1379 988 illud
1409 939 1659 1003 quondam

164 1018 509 1066 Fabricianum
535 1035 791 1067 venenum.
868 1019 1013 1079 Quod
1050 1020 1089 1068 si
1119 1026 1228 1068 tum
1258 1020 1531 1068 indicatum
1560 1037 1659 1068 non
1688 1038 1737 1067 10

165 1104 305 1158 esset,
335 1115 434 1147 non
458 1099 572 1148 huic
597 1100 1028 1148 aerumnosissimo
1052 1117 1299 1149 venenum
1324 1101 1448 1149 illud
1470 1101 1656 1161 fuisset,

164 1178 252 1228 sed
304 1179 574 1228 multorum
625 1180 1043 1229 medicamentum
1100 1181 1327 1229 laborum
1345 1200 1359 1242 3
1410 1187 1660 1245 postremo

164 1261 315 1309 etiam
360 1261 566 1310 fortasse
614 1268 772 1310 mater
824 1262 1084 1326 exsequias
1131 1262 1264 1311 illius
1310 1263 1497 1311 funeris
1554 1280 1661 1327 pro-

163 1349 331 1391 secuta
389 1348 599 1390 mortem
658 1359 708 1391 se
766 1343 855 1391 filii
913 1343 1080 1407 lugere
1139 1343 1428 1393 simulasset.
1513 1344 1660 1393 Nunc

163 1439 280 1472 vero
327 1423 448 1487 quid
495 1423 590 1472 erit
635 1423 913 1487 profectum
959 1425 1055 1472 nisi
1079 1430 1136 1472 ut
1182 1425 1329 1473 huius
1376 1442 1439 1474 ex
1484 1425 1660 1474 mediis
1689 1437 1735 1481 15

163 1504 336 1552 mortis
394 1504 588 1552 insidiis
636 1504 742 1553 vita
799 1505 861 1554 ad
920 1505 1106 1554 luctum
1166 1512 1467 1567 conservata,
1529 1524 1659 1556 mors

40 1589 141 1641 202
163 1584 387 1648 sepulcro
434 1585 589 1649 patris
644 1586 838 1649 privata
896 1602 1001 1635 esse
1048 1585 1315 1635 videatur?
1385 1586 1514 1635 Satis
1573 1587 1660 1636 diu

162 1666 260 1714 fuit
288 1666 340 1714 in
370 1666 593 1727 miseriis,
621 1666 821 1726 iudices,
851 1667 970 1715 satis
1002 1667 1183 1716 multos
1208 1684 1362 1716 annos
1387 1684 1449 1715 ex
1473 1667 1660 1717 invidia

162 1747 420 1795 laboravit.
492 1746 653 1796 Nemo
683 1747 798 1795 huic
829 1753 932 1796 tam
957 1748 1158 1811 iniquus
1181 1754 1377 1811 praeter
1401 1754 1659 1812 parentem

162 1828 259 1876 fuit
294 1828 432 1876 cuius
467 1844 567 1877 non
603 1828 824 1877 animum
855 1828 954 1876 iam
988 1828 1243 1892 expletum
1275 1845 1379 1878 esse
1412 1835 1655 1892 putemus.
1682 1841 1737 1871 20

162 1909 278 1969 Vos,
306 1909 392 1972 qui
429 1909 574 1972 aequi
611 1909 730 1957 estis
766 1909 1008 1969 omnibus,
1038 1909 1138 1973 qui,
1161 1914 1218 1957 ut
1242 1910 1450 1973 quisque
1475 1910 1659 1958 crudel-

163 1990 327 2039 issime
363 1996 697 2055 oppugnatur,
737 2007 849 2038 eum
882 1990 1129 2038 lenissime
1161 1990 1442 2051 sublevatis,
1472 2007 1660 2039 conser-

162 2079 276 2121 vate
300 2071 360 2120 A.
391 2071 678 2120 Cluentium
696 2090 709 2132 3
746 2071 997 2120 restituite
1032 2071 1329 2120 incolumem
1361 2071 1628 2135 municipio
1643 2088 1658 2132 3

161 2153 344 2211 amicis,
395 2152 582 2212 vicinis,
634 2152 926 2216 hospitibus,
983 2168 1193 2215 quorum
1251 2152 1416 2200 studia
1461 2152 1654 2213 videtis,

162 2233 355 2283 reddite
373 2252 386 2294 3
436 2233 574 2282 vobis
621 2233 674 2281 in
721 2238 1015 2297 perpetuum
1057 2232 1323 2296 liberisque
1360 2233 1539 2281 vestris
1578 2233 1657 2281 ob·
1682 2242 1732 2285 25

162 2315 404 2380 stringite.
468 2314 705 2363 Vestrum
725 2319 800 2363 est
819 2314 924 2372 hoc,
943 2313 1145 2372 iudices,
1167 2319 1358 2363 vestrae
1383 2313 1654 2378 dignitatis,

163 2402 354 2445 vestrae
396 2395 684 2444 clementiae
701 2414 714 2457 3
762 2401 893 2444 recte
929 2394 1021 2443 hoc
1058 2394 1303 2459 repetitur
1342 2412 1371 2443 a
1408 2394 1562 2454 vobis,
1599 2400 1655 2443 ut

216 2603 254 2647 7.
287 2603 414 2643 miser
431 2603 482 2651 si,
506 2614 554 2642 ΞΤ
573 2602 659 2642 and
685 2602 860 2650 others3
889 2601 1014 2641 miser
1033 2601 1191 2641 iudices
1210 2601 1259 2649 si,
1285 2613 1401 2640 some
1421 2600 1544 2640 codd.
1569 2600 1654 2640 and

163 2672 260 2713 edd.
335 2673 396 2712 12.
434 2672 641 2720 laborum,
678 2671 822 2711 codd.:
861 2683 1117 2719 maerorum,
1154 2668 1273 2710 eddt:
1307 2683 1377 2710 see
1409 2674 1524 2710 note.
1588 2671 1650 2710 13.

152 2740 368 2792 fortassis,
393 2740 537 2780 codd.:
569 2753 638 2779 see
658 2753 713 2778 on
733 2741 754 2787 ἓ
777 2740 864 2779 144.
928 2739 989 2779 14.
1013 2751 1069 2787 se,
1092 2751 1174 2778 om.
1200 2749 1260 2778 s'r.
