1820 2956
576 143 710 194 PRO
750 143 814 193 A.
858 143 1208 194 CLUENTIO.
1621 145 1648 192 9

146 278 305 327 solum
365 278 547 338 videre,
610 294 786 327 verum
846 277 997 327 etiam
1056 278 1266 342 probare
1323 294 1412 326 suo
1465 277 1648 326 iudicio

179 362 418 405 utaretur.

145 374 177 420 p
210 432 419 482 Initium
467 433 602 497 quod
650 433 765 482 huic
813 450 924 482 cum
972 439 1131 482 matre
1178 433 1332 482 fuerit
1378 432 1647 482 simultatis
1674 439 1737 491 17

142 513 381 563 audistis:
429 515 729 579 pertinuisse
765 514 858 564 hoc
893 514 956 563 ad
994 531 1192 563 causam
1229 522 1352 573 tum,
1393 531 1504 563 cum
1539 514 1648 563 reli-

94 617 117 661 5
141 611 240 658 qua
287 596 631 659 cognoveritis,
681 595 997 662 intellegetis.
1074 595 1205 644 Nam
1253 596 1378 644 illud
1428 613 1504 644 me
1547 613 1646 644 non

141 677 394 739 praeterit,
445 677 799 741 cuiuscumque
847 677 982 726 modi
1031 677 1097 726 sit
1144 684 1317 735 mater,
1368 683 1536 726 tamen
1594 678 1647 726 in

139 757 323 807 iudicio
347 758 436 806 filii
469 758 531 807 de
563 759 879 823 turpitudine
905 759 1127 823 parentis
1164 759 1261 807 dici
1287 759 1372 806 vix
1398 766 1642 823 oportere.

140 837 257 887 Non
292 856 449 888 essem
484 839 548 888 ad
584 839 737 888 ullam
763 857 960 889 causam
990 840 1214 899 idoneus,
1242 840 1443 899 iudices,
1472 841 1513 889 si
1539 841 1642 901 hoc,

140 920 274 983 quod
321 921 373 969 in
421 922 765 971 communibus
813 922 1073 971 hominum
1120 922 1347 971 sensibus
1394 930 1546 986 atque
1593 923 1644 971 in

68 1023 117 1053 10
138 1001 246 1065 ipsa
287 1008 466 1051 natura
502 1003 722 1068 positum
757 1010 910 1066 atque
946 1003 1158 1051 infixum
1197 1009 1284 1063 est,
1325 1003 1374 1051 id
1415 1020 1518 1068 ego,
1559 1004 1642 1067 qui

139 1082 202 1131 ad
248 1082 507 1133 hominum
555 1084 774 1148 pericula
821 1084 1136 1134 defendenda
1181 1085 1492 1150 adiungerer,
1544 1103 1643 1135 non

139 1163 373 1213 viderem.
446 1165 610 1215 Facile
635 1166 874 1231 intellego
898 1183 1000 1215 non
1033 1166 1182 1216 modo
1214 1167 1424 1216 reticere
1456 1167 1645 1217 homin-

139 1262 190 1295 es
226 1252 491 1310 parentum
532 1248 753 1308 iniurias,
793 1248 880 1297 sed
918 1249 1067 1297 etiam
1109 1249 1277 1298 animo
1318 1266 1479 1314 aequo
1516 1251 1644 1299 ferre

138 1333 380 1393 oportere.
453 1328 552 1378 Sed
595 1347 686 1395 ego
735 1347 791 1379 ea
838 1347 964 1394 quae
1006 1331 1124 1379 ferri
1165 1338 1377 1396 possunt
1422 1332 1640 1393 ferenda,

68 1431 112 1475 15
137 1426 264 1474 quae
310 1411 466 1460 taceri
512 1412 723 1460 tacenda
783 1429 888 1461 esse
934 1412 1164 1461 arbitror.
1244 1412 1387 1461 Nihil
1433 1414 1486 1461 in
1539 1415 1644 1463 vita
1668 1426 1734 1478 18

136 1491 267 1540 vidit
317 1492 615 1542 calamitatis
664 1493 725 1542 A.
779 1493 1056 1554 Cluentius,
1109 1493 1306 1543 nullum
1364 1495 1642 1559 periculum

136 1574 310 1623 mortis
350 1574 489 1635 adiit,
533 1574 659 1623 nihil
701 1575 819 1624 mali
861 1576 1046 1636 timuit,
1086 1576 1221 1639 quod
1263 1593 1364 1625 non
1407 1582 1572 1625 totum
1613 1595 1642 1626 a

137 1662 294 1705 matre
321 1662 450 1705 esset
475 1657 744 1705 conflatum
771 1663 822 1706 et
846 1658 1140 1721 profectum.
1205 1656 1342 1718 Quae
1369 1658 1462 1707 hoc
1486 1666 1640 1724 temp-

137 1754 219 1786 ore
253 1737 423 1787 sileret
459 1739 638 1799 omnia,
675 1744 826 1803 atque
861 1756 930 1799 ea,
959 1740 1000 1788 si
1036 1739 1289 1788 oblivione
1322 1757 1423 1789 non
1456 1747 1636 1804 posset,

62 1845 113 1874 20
134 1824 303 1886 tamen
350 1820 696 1869 taciturnitate
744 1837 832 1869 sua
878 1826 1012 1869 tecta
1060 1838 1164 1870 esse
1212 1827 1502 1885 pateretur;
1554 1824 1639 1872 sed

135 1917 252 1950 vero
277 1901 345 1950 sic
369 1901 536 1966 agitur
567 1907 626 1950 ut
657 1918 859 1966 prorsus
893 1903 1090 1951 reticeri
1116 1902 1255 1951 nullo
1287 1903 1436 1952 modo
1466 1905 1637 1968 possit.

136 1981 245 2031 Hoc
281 1982 413 2031 enim
448 1983 612 2047 ipsum
647 1982 900 2043 iudicium,
929 1983 1021 2033 hoc
1046 1983 1335 2049 periculum,
1364 1984 1450 2034 illa
1479 2003 1641 2035 accus-

134 2064 250 2124 atio,
289 2064 449 2113 omnis
484 2064 692 2112 testium
729 2065 869 2129 copia
905 2082 1032 2128 quae
1069 2065 1239 2113 futura
1276 2071 1364 2125 est,
1404 2084 1434 2115 a
1480 2074 1639 2117 matre

134 2145 277 2194 initio
316 2151 392 2194 est
430 2144 686 2205 adornata,
721 2163 750 2194 a
787 2153 947 2195 matre
984 2146 1076 2196 hoc
1112 2152 1337 2212 tempore
1373 2147 1640 2198 instruitur

65 2254 109 2298 25
133 2233 284 2290 atque
326 2226 556 2275 omnibus
604 2227 709 2275 eius
752 2228 930 2291 opibus
985 2235 1036 2276 et
1091 2229 1245 2292 copiis
1305 2237 1633 2293 comparatur.

133 2308 248 2372 Ipsa
283 2307 498 2371 denique
534 2325 694 2373 nuper
730 2308 914 2358 Larino
950 2309 1098 2358 huius
1136 2311 1451 2375 opprimendi
1493 2330 1639 2362 causa

133 2389 342 2438 Romam
371 2389 655 2439 advolavit:
693 2397 892 2454 praesto
929 2396 1003 2439 est
1039 2391 1222 2440 mulier
1253 2392 1430 2452 audax,
1459 2411 1638 2458 pecun-

189 2497 223 2535 1.
258 2508 414 2544 verum,
440 2507 514 2536 ST:
545 2496 630 2544 sed,
656 2511 696 2535 ω.
754 2496 814 2536 10.
849 2495 896 2536 in
915 2496 1025 2547 ipsa,
1051 2511 1107 2537 w:
1138 2498 1247 2548 ipsa,
1273 2509 1334 2538 s'r.
1400 2501 1460 2539 11.
1496 2501 1634 2552 defen-

132 2559 285 2607 denda,
307 2571 355 2599 ΞΤ
375 2562 412 2609 (ἓ
431 2560 548 2610 157):
570 2560 828 2610 depellenda,
856 2576 896 2600 ω.
950 2560 1220 2611 αάὶῑιηῃενεν,
1241 2573 1290 2602 s'r
1306 2562 1372 2602 b2:
1395 2564 1632 2615 adhiberer,

133 2638 174 2663 ω.
231 2625 292 2664 18.
313 2624 565 2675 profectum,
584 2635 693 2664 STM:
720 2625 971 2675 perfectum,
997 2637 1033 2664 F.
1086 2627 1149 2666 20.
1176 2626 1249 2666 sed
1267 2640 1377 2675 vere,
1394 2638 1464 2668 s'r:
1495 2630 1567 2669 sed
1586 2643 1636 2670 ea

131 2704 240 2739 vero,
265 2702 313 2731 M.
374 2692 439 2730 21.
465 2693 522 2731 sic
540 2692 696 2741 aqitur,
723 2704 794 2732 ενι
816 2692 873 2731 sic
893 2692 996 2742 anit,
1020 2704 1096 2732 ΤΜ.
1149 2693 1328 2742 reticeri,
1355 2706 1424 2735 s'r:
1446 2696 1629 2746 reticere,

132 2765 198 2796 ω.’“
235 2756 300 2796 23.
336 2755 411 2795 illa
431 2756 643 2796 accusatio
663 2756 812 2806 omnis,
836 2756 961 2796 codd.
985 2773 994 2797 ε
1027 2758 1101 2797 illa
1119 2757 1269 2807 omnis,
1292 2758 1488 2813 Madvig.
