1820 2956
594 87 725 136 PRO
760 86 825 137 A.
868 85 1227 135 C'LUENTIO.
1595 87 1658 132 55

158 223 220 273 ab
270 222 433 273 iudice
489 221 653 272 ablata
704 224 1059 284 est,—potcst
1115 235 1218 268 esse
1271 218 1479 267 dubium
1538 218 1657 281 quin

157 304 241 353 illa
295 303 549 353 damnatio
601 301 791 351 Staieni
847 317 946 350 non
1003 299 1152 349 modo
1211 315 1310 349 non
1370 298 1436 347 sit
1490 305 1661 348 contra

157 385 457 446 Cluentium,
486 384 572 434 sed
596 383 811 433 maxime
836 388 1057 431 nostram
1082 398 1279 430 causam
1305 380 1659 442 defensionem-

157 484 251 532 que
275 467 568 516 confirmet?

109 565 133 610 5
224 547 490 596 XXXVII.
543 546 674 611 Ergo
723 545 882 595 adhuc
930 545 1044 594 Iuni
1085 544 1326 593 iudicium
1368 543 1513 593 video
1555 560 1659 593 esse
1683 540 1783 593 103

157 630 260 678 eius
284 629 418 678 modi
444 634 502 678 ut
525 628 858 677 incursionem
884 627 1051 690 potius
1077 625 1350 686 seditionis,
1372 625 1475 674 vim
1494 624 1660 674 multi-

156 710 358 771 tudinis,
397 711 639 774 impetum
675 708 1012 766 tribunicium,
1040 723 1187 771 quam
1222 706 1461 755 iudicium
1497 706 1659 770 appel·

155 792 360 842 landum
384 797 569 857 putem.
640 790 784 852 Quod
810 790 852 839 si
877 789 987 854 quis
1011 788 1137 838 illud
1161 788 1401 837 iudicium
1426 787 1655 852 appellet,

155 879 324 922 tamen
352 873 445 922 hoc
476 873 772 922 confiteatur
803 887 1000 920 necesse
1037 875 1125 930 est,
1163 869 1301 919 nullo
1337 869 1486 919 modo
1521 868 1654 918 illam

85 977 134 1006 10
155 955 363 1004 multam
393 971 520 1019 quae
553 953 615 1003 ab
652 952 798 1002 Iunio
834 953 993 1017 petita
1028 951 1094 1001 sit
1129 968 1239 1000 cum
1277 950 1476 1000 Cluenti
1515 967 1658 999 causa

155 1053 296 1102 posse
322 1035 567 1100 coniungi.
629 1034 764 1084 Illud
783 1035 937 1099 igitur
955 1034 1222 1083 Iunianum
1242 1050 1329 1098 per
1350 1033 1451 1083 vim
1471 1033 1656 1082 factum

157 1124 260 1168 est:
297 1117 446 1168 Bulbi
479 1123 530 1167 et
559 1116 725 1181 Popili
757 1122 808 1165 et
831 1116 1021 1166 Guttae
1046 1122 1218 1165 contra
1243 1114 1529 1165 Cluentium
1558 1131 1658 1163 non

156 1205 259 1273 est:
297 1199 489 1248 Staieni
523 1198 673 1249 etiam
705 1214 795 1262 pro
832 1197 1069 1247 Cluentio
1102 1202 1188 1246 est.

223 1281 497 1331 Videamus
526 1280 717 1345 ecquod
750 1279 887 1329 aliud
915 1279 1168 1338 iudicium,
1197 1277 1330 1342 quod
1360 1294 1451 1342 pro
1481 1277 1659 1327 Cluen·

86 1380 133 1424 15
157 1363 228 1413 tio
267 1363 345 1423 sit,
382 1355 606 1427 proferre
635 1361 896 1426 possimus.
968 1360 1180 1409 Dixitne
1217 1359 1422 1408 tandem
1460 1375 1656 1407 causam

157 1444 210 1494 C.
230 1443 569 1493 Fidiculanius
587 1442 802 1502 Falcula,
821 1442 905 1506 qui
931 1441 1263 1506 Oppianicum
1288 1440 1655 1500 condemnarat,

157 1542 270 1574 cum
293 1523 721 1589 praesertim‚-id
746 1523 876 1587 quod
905 1523 1002 1572 fuit
1025 1523 1077 1571 in
1103 1522 1190 1571 illo
1219 1521 1403 1570 iudicio
1427 1520 1660 1569 invidios-

157 1607 650 1671 issimum,-—paucos
709 1605 813 1654 dies
873 1621 936 1654 ex
999 1604 1356 1653 subsortitione
1424 1602 1659 1651 sedisset?

157 1689 304 1738 Dixit
329 1694 381 1739 et
403 1688 481 1737 bis
506 1686 711 1752 quidem
735 1686 867 1735 dixit
884 1706 898 1748 3
926 1686 979 1734 in
1004 1702 1248 1735 summam
1273 1685 1406 1733 enim
1430 1684 1486 1733 L.
1510 1683 1660 1744 Quin-

83 1789 136 1818 20
158 1771 286 1827 ctius
310 1770 552 1820 invidiam
578 1768 894 1818 contionibus
918 1785 1031 1817 eum
1057 1767 1318 1816 cotidianis
1345 1765 1590 1814 seditiosis
1610 1771 1660 1814 et

159 1848 462 1899 turbulentis
509 1847 799 1896 adduxerat.
876 1846 994 1895 Uno
1041 1845 1226 1894 iudicio
1274 1844 1435 1893 multa
1477 1849 1552 1892 est
1598 1843 1660 1892 ab

161 1948 218 1980 eo
253 1930 426 1995 petita,
468 1930 597 1978 sicut
637 1929 701 1978 ab
748 1928 909 1987 Iunio,
955 1927 1089 1992 quod
1131 1944 1232 1975 non
1275 1943 1391 1975 suae
1432 1925 1660 1975 decuriae

160 2028 364 2061 munere
410 2028 571 2076 neque
619 2028 682 2060 ex
728 2010 835 2075 lege
887 2009 1108 2059 sedisset.
1200 2007 1357 2056 Paulo
1416 2006 1662 2056 sedatiore

161 2101 382 2158 tempore
418 2098 493 2142 est
529 2098 783 2141 accusatus
820 2108 968 2156 quam
1007 2090 1193 2151 Iunius,
1229 2089 1315 2138 sed
1353 2088 1524 2138 eadem
1560 2088 1661 2137 fere

86 2177 266 2242 251ege
303 2182 353 2224 et
388 2175 619 2224 crimine:
657 2174 774 2238 quia
808 2173 946 2222 nulla
981 2173 1034 2221 in
1069 2172 1251 2221 iudicio
1288 2171 1467 2220 seditio
1503 2186 1661 2234 neque

162 2259 236 2307 vis
266 2275 355 2307 nec
385 2257 533 2307 turba
562 2262 758 2306 versata
788 2260 874 2316 est,
903 2255 1064 2320 prima
1096 2254 1290 2302 actione
1323 2251 1554 2301 facillime
1588 2256 1663 2300 est

164 2339 429 2388 absolutus.
502 2337 620 2386 Non
661 2353 869 2385 numero
910 2335 1036 2384 hanc
1079 2334 1439 2384 absolutionem
1455 2352 1469 2394 3
1505 2332 1662 2381 nihilo

162 2420 326 2469 minus
356 2419 490 2469 enim
521 2423 699 2484 potest,
728 2424 785 2467 ut
813 2417 950 2466 illam
980 2415 1191 2465 multam
1220 2432 1320 2464 non
1346 2413 1658 2471 commiserit,

164 2502 404 2567 accepisse
441 2507 610 2550 tamen
652 2500 715 2549 ob
758 2516 863 2549 rem
904 2497 1219 2547 iudicandam
1253 2498 1513 2560 pecuniam,
1551 2498 1664 2545 sicut

217 2626 282 2667 29.
313 2624 539 2677 pecuniam
564 2624 671 2665 sicut
696 2637 872 2664 causam
896 2621 1080 2674 pecunia
1109 2622 1146 2661 is
1175 2634 1248 2673 my
1269 2619 1550 2660 emendation
1578 2620 1665 2668 (see

165 2689 336 2740 Notes).
