1858 2956
606 144 735 193 PRO
771 143 835 192 A.
880 144 1237 192 CLUE'NTIO.
1602 146 1662 191 99

168 278 387 343 proiecta
411 285 486 327 est
510 295 539 327 a
563 278 777 327 consiliis
807 259 1026 325 malitiae
1060 277 1368 326 deseruntur.
1444 276 1586 336 Quod
1626 277 1665 324 si

168 364 254 408 aut
294 358 544 408 confidens
585 358 769 407 astutia
809 365 896 406 aut
938 357 1115 406 callida
1156 363 1286 407 esset
1327 357 1544 415 audacia,
1582 358 1667 406 vix

166 439 268 488 ullo
305 439 373 488 eis
409 439 580 488 obsisti
617 438 763 487 modo
800 445 976 502 posset.
1053 439 1243 487 Utrum
1266 439 1455 486 furtum
1480 439 1664 486 factum

167 536 268 569 non
304 523 413 569 est'l
452 526 504 569 at
538 519 663 568 nihil
699 519 875 568 clarius
912 519 1095 568 Larini.
1170 520 1252 567 An
1282 519 1345 567 ad
1383 519 1668 568 Stratonem

122 617 145 662 5
169 601 379 666 suspicio
404 617 504 650 non
530 600 802 665 pertinuit?
837 606 889 648 at
914 601 955 648 is
980 607 1030 649 et
1055 618 1117 649 ex
1142 600 1330 649 serrula
1354 600 1668 649 insimulatus

169 688 220 731 et
244 699 272 730 a
294 698 447 746 puero
483 681 676 730 conscio
713 687 788 729 est
823 681 1084 731 indicatus.
1159 682 1240 730 An
1276 682 1329 730 id
1367 687 1532 730 actum
1568 698 1669 730 non

169 769 244 811 est
281 762 333 810 in
365 762 680 826 quaerendo?
719 779 843 825 quae
875 763 972 811 fuit
1010 763 1163 826 igitur
1195 763 1291 811 alia
1322 779 1468 811 causa
1501 779 1671 826 quaer-

169 843 321 892 endi?
388 843 485 904 An,
530 842 581 891 id
630 842 766 905 quod
812 843 952 892 vobis
1000 843 1268 892 dicendum
1317 850 1392 892 est
1440 850 1489 892 et
1536 842 1670 907 quod

169 930 277 972 tum
303 923 466 972 Sassia
499 923 775 972 dictitavit:
817 941 926 972 cum
953 924 1014 973 de
1039 925 1174 973 furto
1200 930 1533 987 quaereretur,
1564 931 1671 972 tum

100 1029 149 1058 10
171 1005 455 1054 Stratonem
502 1004 659 1054 isdem
703 1005 755 1052 in
797 1006 1062 1054 tormentis
1109 1005 1294 1054 dixisse
1338 1005 1399 1054 de
1442 1009 1668 1055 veneno?

169 1086 246 1134 En
291 1086 383 1134 hoc
424 1086 549 1134 illud
591 1092 665 1134 est
707 1086 841 1150 quod
883 1093 998 1135 ante
1041 1086 1175 1135 dixi:
1230 1087 1408 1135 mulier
1450 1087 1673 1136 abundat
1698 1084 1796 1135 184

170 1166 386 1227 audacia,
425 1166 628 1215 consilio
665 1172 715 1214 et
750 1167 941 1215 ratione
979 1167 1218 1216 deficitur.
1293 1167 1425 1215 Nam
1461 1168 1672 1217 tabellae

170 1246 473 1311 quaestionis
492 1246 657 1311 plures
677 1247 1012 1310 proferuntur,
1031 1265 1156 1311 quae
1176 1248 1411 1297 recitatae
1431 1248 1672 1313 vobisque

171 1328 332 1377 editae
379 1334 509 1387 sunt,
559 1328 673 1376 illae
721 1329 855 1393 ipsae
904 1346 1026 1393 quas
1073 1335 1181 1378 tum
1235 1330 1521 1393 obsignatas
1570 1347 1674 1379 esse

101 1430 148 1473 15
171 1409 331 1469 dixit3
383 1410 435 1457 in
474 1409 655 1473 quibus
698 1409 894 1458 tabellis
936 1410 997 1459 de
1040 1411 1174 1459 furto
1217 1410 1356 1458 nulla
1397 1411 1567 1460 littera
1604 1412 1675 1460 in-

171 1491 382 1540 venitur.
455 1490 573 1539 Non
614 1491 755 1539 venit
796 1491 849 1539 in
890 1498 1108 1540 mentem
1146 1493 1362 1555 primum
1399 1493 1675 1541 orationem

173 1571 420 1620 Stratonis
462 1571 767 1620 conscribere
809 1571 871 1620 de
911 1572 1060 1632 furto,
1093 1578 1207 1636 post
1243 1573 1445 1636 aliquod
1484 1573 1674 1622 dictum

171 1652 440 1716 adiungere
464 1652 526 1701 de
551 1669 758 1713 veneno,
787 1653 922 1716 quod
947 1670 1047 1701 non
1074 1654 1449 1716 percontatione
1486 1654 1676 1718 quaesi-

139 1723 141 1725 *
171 1738 292 1793 tum,
321 1732 408 1781 sed
432 1749 520 1796 per
544 1733 765 1782 dolorem
792 1750 1080 1797 expressum
1105 1734 1372 1783 videretur.
1440 1734 1676 1795 Quaestio

99 1837 151 1866 20
173 1813 233 1862 de
251 1814 386 1863 furto
412 1820 487 1863 est
504 1833 517 1874 ;
545 1815 723 1863 veneni
748 1815 847 1862 iam
872 1815 1084 1879 suspicio
1109 1816 1360 1879 superiore
1387 1817 1676 1879 quaestione

173 1895 394 1957 sublata3
437 1895 572 1959 quod
613 1896 780 1959 ipsum
821 1896 940 1945 haec
983 1896 1156 1946 eadem
1199 1897 1378 1945 mulier
1419 1898 1674 1958 iudicarat,

173 1992 297 2040 quae
322 1983 380 2025 ut
403 1976 591 2025 Romae
617 1977 678 2026 de
703 1977 972 2026 amicorum
1009 1978 1261 2027 sententia
1286 1984 1533 2027 statuerat
1557 1981 1677 2028 satis

174 2073 277 2106 esse
324 2058 617 2121 quaesitum,
666 2065 840 2122 postea
886 2075 974 2122 per
1021 2059 1292 2108 triennium
1351 2061 1568 2109 maxime
1616 2078 1679 2110 ex

174 2138 403 2187 omnibus
439 2138 594 2187 servis
631 2138 915 2188 Stratonem
951 2140 1094 2188 illum
1119 2140 1379 2200 dilexerat,
1406 2141 1459 2188 in
1488 2141 1677 2190 honore

102 2238 151 2281 25
174 2219 428 2279 habuerat,
455 2219 727 2268 commodis
764 2220 994 2269 omnibus
1031 2220 1294 2269 adfecerat.
1368 2221 1496 2270 Cum
1525 2222 1679 2286 igitur
1703 2223 1801 2275 185

229 2350 266 2389 3.
293 2349 364 2398 eis,
386 2360 462 2390 ST:
493 2363 574 2390 om.
602 2366 631 2390 ω
652 2352 734 2403 (cp.
761 2354 782 2400 ἓ
804 2353 911 2401 169).
964 2354 1001 2391 4.
1029 2351 1199 2400 Larini,
1225 2363 1300 2391 ST:
1332 2352 1493 2392 Larini
1499 2347 1607 2403 fuiff,
1631 2369 1672 2394 ω.

179 2414 240 2453 10.
273 2413 514 2454 Stratonem
590 2414 761 2461 dixisse,
787 2427 864 2456 S'r:
894 2416 1039 2456 Strato
1058 2415 1241 2464 dixit,
1266 2431 1308 2455 ω.
1373 2418 1435 2457 13.
1469 2417 1675 2469 vobisque,

177 2477 296 2518 edd.:
326 2477 532 2529 nobisque,
567 2479 691 2519 codd.
755 2481 817 2520 15.
851 2481 971 2520 nulla
998 2480 1156 2528 littera,
1185 2491 1259 2520 s‘r:
1293 2480 1435 2520 littera
1463 2481 1596 2522 nulla.
1632 2497 1674 2522 ω.

181 2543 242 2584 17.
267 2540 443 2592 aliquod
461 2542 621 2582 dictum
640 2543 884 2595 adiunqere,
904 2555 972 2584 sr:
1002 2544 1170 2596 aliquid
1188 2543 1420 2595 adiunyere
1439 2545 1611 2595 dictum,
1633 2561 1674 2587 ω.

179 2605 259 2657 Qy.
301 2605 471 2656 aliquid
511 2606 777 2658 adiunyere?
847 2609 909 2647 19.
947 2621 1030 2659 per
1066 2609 1266 2656 dolorem,
1309 2619 1383 2648 ST:
1434 2609 1590 2658 dolore,
1633 2625 1674 2650 ω.

178 2670 243 2709 20.
281 2669 477 2721 suspicio,
514 2681 590 2710 S'r:
633 2671 879 2723 suspicione,
914 2686 944 2711 ω
978 2673 1060 2724 (cp.
1100 2674 1121 2721 ἓ
1158 2673 1248 2721 128,
1280 2672 1442 2713 sortitio
1474 2684 1549 2713 S'r:
1593 2687 1680 2714 sor-

181 2732 338 2782 titione,
363 2735 420 2783 ω).
