1820 2956
591 88 724 136 PRO
765 86 830 135 A.
872 86 1229 136 GLUENTIO.
1596 88 1649 134 21

227 222 361 270 XIV.
404 221 573 282 Quid?
628 220 791 269 aviam
845 227 998 280 tuam,
1055 220 1342 284 Oppianice,
1395 219 1651 279 Dinaeam,
1679 210 1746 262 40

158 304 235 351 cui
278 310 335 351 tu
371 319 422 351 es
458 302 613 363 heres,
642 307 784 366 pater
822 309 940 350 tuus
978 318 1077 350 non
1116 301 1382 349 manifesto
1424 301 1656 349 necavit?

157 384 220 432 ad
267 401 415 448 quam
464 401 575 432 cum
632 383 928 432 adduxisset
985 383 1232 431 medicum
1291 382 1432 431 illum
1492 399 1649 443 suum,

156 466 255 514 iam
302 466 554 531 cognitum
604 471 655 513 et
696 481 843 530 saepe
886 465 1141 523 victorem,
1187 481 1277 529 per
1317 481 1466 527 quem
1506 465 1656 514 inter-

109 564 134 610 5
158 548 341 596 fecerat
381 547 634 612 plurimos,
682 546 862 595 mulier
909 546 1155 595 exclamat
1203 563 1254 594 se
1301 546 1365 594 ab
1412 563 1470 595 eo
1516 546 1655 596 nullo

156 629 304 678 modo
342 629 503 677 curari
542 627 671 677 velle
709 644 809 691 quo
849 634 1055 676 curante
1094 644 1265 676 omnes
1304 644 1418 676 suos
1460 627 1654 691 perdid-

155 710 288 759 isset.
385 710 514 758 Tum
573 715 779 773 repente
838 708 1212 757 Anconitanum
1271 709 1535 772 quendam,
1597 709 1648 758 L.

156 790 400 851 Clodium,
445 789 878 855 pharmacopolam
915 790 1374 850 circumforaneum,
1416 791 1502 854 qui
1539 807 1656 839 casu

155 879 263 920 tum
304 872 543 921 Larinum
585 872 817 931 venisset,
863 871 1156 935 adgreditur
1197 878 1248 919 et
1290 888 1402 920 cum
1439 888 1496 921 eo
1537 872 1655 921 duo·
1730 919 1735 923 ,

82 974 132 1004 10
154 953 245 1001 bus
293 953 492 1002 milibus
540 952 641 1011 HS,
692 953 745 1001 id
793 953 927 1016 quod
975 953 1131 1018 ipsius
1189 952 1373 1001 tabulis
1421 958 1530 1001 tum
1579 960 1654 1003 est

154 1034 565 1095 demonstratum,
615 1034 864 1099 transigit.
943 1034 997 1082 L.
1050 1034 1269 1094 Clodius,
1321 1034 1408 1098 qui
1454 1052 1653 1100 proper-

153 1122 273 1174 aret,
323 1117 401 1164 cui
447 1117 555 1165 fora
594 1115 754 1164 multa
795 1121 1056 1175 restarent,
1109 1115 1257 1163 simul
1303 1122 1454 1180 atque
1501 1117 1653 1166 intro-

153 1197 333 1246 ductus
375 1203 451 1245 est
490 1214 594 1246 rem
637 1197 881 1258 confecit,
933 1197 1093 1261 prima
1140 1197 1345 1261 potione
1393 1197 1652 1248 mulierem

153 1278 370 1338 sustulit,
397 1295 558 1343 neque
597 1286 771 1342 postea
806 1278 977 1326 Larini
1014 1285 1258 1342 punctum
1296 1284 1372 1327 est
1411 1281 1651 1343 temporis

82 1379 128 1424 15
153 1366 501 1409 commoratus.
610 1359 799 1408 Eadem
869 1359 960 1408 hac
1030 1359 1222 1408 Dinaea
1291 1366 1651 1410 testamentum
1675 1356 1740 1407 41

153 1442 378 1500 faciente,
419 1458 532 1490 cum
569 1441 764 1490 tabulas
812 1441 1159 1505 prehendisset
1201 1442 1520 1505 Oppianicus,
1566 1445 1651 1508 qui

152 1539 303 1588 gener
339 1523 444 1571 eius
480 1523 670 1582 fuisset,
707 1523 868 1587 digito
903 1522 1069 1586 legata
1104 1522 1323 1584 delevit3
1366 1530 1418 1572 et
1456 1541 1567 1573 cum
1599 1526 1651 1574 id

151 1604 321 1653 multis
367 1604 487 1653 locis
534 1604 744 1662 fecisset,
795 1610 910 1668 post
956 1611 1169 1653 mortem
1218 1605 1336 1663 eius,
1379 1623 1440 1655 ne
1487 1606 1651 1656 lituris

153 1687 350 1750 coargui
387 1691 569 1751 posset,
610 1691 969 1734 testamentum
1007 1686 1059 1734 in
1098 1686 1219 1734 alias
1258 1687 1454 1736 tabulas
1495 1694 1652 1738 trans-

76 1791 129 1820 20
151 1769 390 1833 scriptum
469 1768 622 1832 signis
691 1767 987 1816 adulterinis
1069 1768 1366 1832 obsignavit.
1484 1770 1651 1820 Multa

151 1856 408 1914 praetereo
455 1849 682 1898 consulto
700 1868 713 1911 3
778 1850 964 1898 etenim
1011 1866 1187 1898 vereor
1245 1867 1307 1898 ne
1367 1851 1485 1900 haec
1543 1853 1650 1917 ipsa

151 1931 359 1979 nimium
407 1930 567 1978 multa
615 1947 720 1979 esse
762 1931 1031 1979 videantur
1048 1949 1060 1990 3
1097 1948 1185 1980 vos
1227 1938 1395 1980 tamen
1438 1933 1651 1984 similem

151 2013 228 2061 sui
274 2029 388 2061 eum
434 2012 588 2060 fuisse
634 2012 687 2060 in
747 2013 925 2061 ceteris
984 2029 1182 2076 quoque
1229 2014 1363 2062 vitae
1422 2016 1648 2079 partibus

145 2090 435 2142 'existimare
483 2093 687 2142 debetis.
777 2094 928 2142 Illum
968 2094 1165 2143 tabulas
1206 2095 1429 2158 publicas
1477 2096 1648 2146 Larini

75 2195 126 2238 25
150 2176 392 2224 censorias
448 2175 725 2239 corrupisse
784 2175 1076 2224 decuriones
1133 2176 1356 2225 universi
1403 2178 1648 2228 iudicave-

203 2345 240 2383 4.
275 2344 368 2394 [per
395 2356 517 2395 quem
544 2342 812 2393 interfecerat
839 2343 1081 2394 plurimos]‚
1114 2343 1363 2386 Lambinus.
1425 2348 1462 2388 6.
1499 2347 1648 2388 curari

150 2412 261 2459 velle,
302 2423 380 2452 ST:
428 2412 525 2451 velle
562 2413 722 2459 curari,
760 2426 801 2451 ω.
863 2425 1001 2451 omnes
1035 2425 1141 2461 suos,
1180 2424 1255 2453 ST:
1290 2427 1385 2454 suos
1413 2427 1564 2465 omnes,
1598 2431 1638 2456 ω.

150 2480 187 2519 8.
201 2479 424 2530 soranum,
449 2490 517 2519 ST:
540 2479 915 2530 circumforanum‚
939 2491 1015 2519 ΕΜ.
1061 2481 1121 2520 10.
1148 2481 1232 2520 duo
1252 2481 1386 2531 milia,
1408 2493 1494 2522 s'rF.
1540 2490 1640 2534 tum,

149 2560 232 2586 om.
256 2558 318 2587 ετ.
380 2548 442 2586 11.
467 2547 554 2598 qui,
573 2558 702 2586 1?sz
734 2560 840 2596 cum,
861 2558 910 2587 ST
926 2549 1009 2599 (cp.
1029 2549 1132 2596 523,
1152 2549 1190 2596 9,
1215 2549 1359 2588 where
1379 2561 1428 2589 ST
1449 2551 1644 2604 wrongly

149 2613 247 2666 give
266 2626 360 2653 cum
378 2613 447 2652 for
466 2614 608 2664 quod).
672 2614 735 2654 19.
760 2614 908 2664 possit,
932 2626 993 2654 ST.
1054 2615 1119 2655 22.
1145 2614 1320 2655 similem
1348 2617 1417 2656 sui
1435 2630 1529 2658 eum
1566 2630 1641 2660 S'r:

149 2693 240 2721 eum
267 2680 444 2720 similem
463 2680 540 2729 sui,
565 2692 640 2721 FM.
