1820 2956
550 117 682 167 PRO
717 117 782 167 A.
825 117 902 165 CL
915 114 1184 165 UENTIO.
1553 114 1613 160 63

114 255 354 304 ambobus
380 259 454 303 est
479 252 714 310 amicitia,
741 268 851 300 cum
878 250 1035 299 altero
1060 266 1191 308 vero,
1219 247 1363 297 sicuti
1394 246 1615 311 plerique

115 342 336 385 vestrum
383 335 559 395 sciunt,
610 349 819 396 magnus
858 348 977 380 usus
1019 336 1069 379 et
1116 346 1309 379 summa
1356 328 1615 392 utriusque

115 418 285 467 officiis
322 417 594 466 constituta
628 414 953 464 necessitudo.
1041 413 1152 470 Qua
1191 428 1244 460 re
1281 410 1517 476 quicquid
1554 409 1615 458 de
1639 402 1739 456 118

114 497 564 563 subscriptionibus
594 512 766 545 eorum
795 494 919 543 mihi
944 493 1210 542 dicendum
1236 492 1345 552 erit,
1373 508 1430 541 eo
1454 491 1615 540 dicam

69 596 92 641 5
115 580 278 629 animo
321 585 378 628 ut
418 595 616 628 omnem
657 576 931 626 orationem
972 592 1133 624 meam
1175 591 1277 622 non
1319 574 1381 622 de
1416 573 1616 622 illorum

114 661 258 722 facto,
310 660 395 709 sed
443 660 505 708 de
553 659 744 708 ratione
793 657 1013 707 censoria
1058 656 1282 705 habitam
1342 654 1616 704 existimari

114 742 263 791 velim
282 760 296 803 3
332 758 361 790 a
390 740 607 790 Lentulo
636 746 819 799 autem,
846 738 1079 788 familiari
1107 753 1233 798 meo,
1261 737 1347 800 qui
1373 753 1400 785 a
1425 753 1503 785 me
1527 752 1617 800 pro

115 823 299 872 eximia
345 839 434 871 sua
479 822 668 871 virtute
716 820 1020 884 summisque
1077 818 1349 868 honoribus
1408 834 1532 882 quos
1590 834 1618 866 a

115 904 298 970 populo
324 903 549 952 Romano
575 902 787 967 adeptus
813 909 889 951 est
912 900 1115 949 honoris
1140 916 1286 948 causa
1314 899 1614 958 nominatur,

45 1007 93 1036 10
114 985 255 1035 facile
287 985 393 1047 hoc,
422 984 622 1045 iudices,
651 983 945 1048 impetrabo,
972 988 1044 1044 ut,
1071 998 1219 1045 quam
1252 981 1358 1045 ipse
1384 980 1617 1029 adhibere

115 1068 373 1117 consuevit
436 1068 490 1115 in
554 1066 825 1116 amicorum
885 1064 1117 1128 periculis
1180 1079 1290 1112 cum
1356 1062 1505 1111 fide'm
1569 1067 1619 1110 et

114 1150 428 1215 diligentiam
474 1155 584 1197 tum
626 1149 731 1197 vim
773 1147 926 1197 animi
974 1146 1356 1208 libertatemque
1404 1143 1616 1203 dicendi,

115 1249 178 1282 ex
196 1232 288 1281 hac
313 1231 435 1280 mihi
455 1229 694 1280 concedat
718 1236 776 1279 ut
799 1235 998 1278 tantum
1023 1228 1146 1276 mihi
1165 1244 1356 1276 sumam
1376 1231 1619 1291 quantum

115 1314 221 1363 sine
269 1313 418 1362 huius
461 1312 680 1378 periculo
726 1311 997 1377 praeterire
1039 1327 1139 1359 non
1181 1309 1380 1373 possim.
1453 1309 1500 1356 A
1540 1324 1620 1357 me

44 1409 92 1454 15
115 1402 297 1456 tamen,
326 1401 384 1445 ut
412 1412 628 1460 aequum
661 1400 749 1456 est,
782 1393 948 1443 omnia
983 1398 1127 1442 caute
1162 1390 1621 1455 pedetemptimque

116 1477 357 1537 dicentur,
407 1483 466 1526 ut
512 1493 674 1541 neque
720 1476 842 1525 fides
889 1475 1035 1523 huius
1093 1472 1396 1522 defensionis
1451 1471 1623 1520 relicta

116 1576 277 1623 neque
325 1560 613 1623 cuiusquam
661 1564 749 1607 aut
794 1557 1012 1622 dignitas
1070 1555 1202 1604 laesa
1258 1559 1347 1602 aut
1404 1553 1622 1602 amicitia

116 1640 303 1690 violata
327 1657 431 1690 esse
457 1640 702 1690 videatur.
1454 1692 1457 1695 ,

183 1722 346 1772 Video
389 1722 556 1787 igitur,
606 1721 806 1782 iudices,
852 1718 1261 1769 animadvertisse
1304 1733 1528 1766 censores
1569 1717 1620 1765 in
1647 1714 1745 1767 119

43 1819 96 1848 20
117 1803 304 1853 iudices
347 1804 590 1869 quosdam
639 1803 773 1852 illius
811 1802 1002 1852 consilii
1050 1799 1265 1858 Iuniani,
1317 1816 1427 1847 cum
1475 1798 1619 1847 istam

117 1885 276 1949 ipsam
334 1903 530 1935 causam
589 1884 970 1934 subscriberent.
1064 1882 1161 1931 Hic
1220 1881 1346 1929 illud
1403 1881 1622 1944 primum

119 1983 378 2016 commune
436 1983 723 2031 proponam,
779 1981 1051 2029 numquam
1112 1963 1623 2012 animadversionibus

119 2049 353 2097 censoriis
406 2049 533 2098 hanc
586 2048 843 2097 civitatem
896 2047 970 2095 ita
1022 2051 1308 2095 contentam
1360 2050 1418 2093 ut
1477 2045 1623 2094 rebus

119 2129 349 2179 iudicatis
368 2131 530 2180 fuisse.
589 2130 766 2194 Neque
786 2129 838 2178 in
863 2145 916 2178 re
940 2134 1060 2177 nota
1085 2144 1371 2176 consumam
1397 2133 1591 2191 tempus
1610 2143 1623 2187 ;

45 2221 97 2265 25
121 2212 335 2277 exempli
373 2229 519 2262 causa
553 2229 736 2277 ponam
771 2228 927 2260 unum
960 2209 1100 2269 illud,
1136 2208 1423 2270 O.‘Getam‚
1452 2225 1563 2257 cum
1596 2226 1624 2256 a

119 2297 174 2346 L.
227 2294 435 2344 Metello
483 2300 533 2343 et
579 2294 670 2343 On.
721 2292 946 2342 Domitio
993 2291 1278 2341 censoribus
1326 2307 1390 2339 ex
1448 2296 1623 2339 senatu

121 2379 305 2429 eiectus
340 2382 482 2435 esset,
515 2391 768 2425 censorem
801 2390 906 2424 esse
939 2373 1104 2437 ipsum
1138 2377 1310 2436 postea
1342 2371 1542 2433 factum,
1574 2378 1626 2420 et

175 2532 213 2571 3.
246 2528 518 2577 necessitudo,
559 2527 688 2568 edd:
735 2525 992 2566 necessitudo
1031 2530 1103 2573 est,
1146 2539 1202 2564 ωε
1252 2524 1516 2573 consuetudo,
1559 2535 1620 2564 s'r.

124 2597 184 2636 13.
234 2607 286 2635 ex
323 2593 417 2642 hac,
454 2604 532 2633 s'r:
581 2594 624 2632 in
663 2591 753 2639 hac,
795 2606 837 2630 ω.
916 2592 977 2629 14.
1024 2589 1196 2640 possim,
1235 2600 1308 2628 s'r:
1355 2602 1538 2639 possum,
1579 2604 1622 2628 ω.

121 2661 186 2700 24.
221 2670 465 2699 consumam
485 2663 645 2708 tempus
666 2655 878 2707 exemplis.
942 2655 1111 2694 Ponam
1130 2654 1237 2693 illud
1257 2666 1403 2701 unum,
1423 2652 1481 2691 all
1497 2652 1622 2693 codd.

122 2727 279 2776 except
302 2734 362 2763 S'r.
425 2721 481 2762 So
502 2721 721 2774 Ramsay:
753 2733 822 2759 see
844 2719 996 2759 Notes.
