1820 2956
585 89 716 139 PRO
755 89 816 137 A.
863 85 1213 137 CLUENTIO.
1587 84 1646 131 29

151 226 508 278 Scamandrum
556 241 644 273 nos
692 222 961 272 defendere
1009 221 1305 280 videremur,
1356 218 1510 267 verbo
1567 216 1651 264 ille

151 325 262 358 reus
287 313 404 368 erat,
432 324 484 355 re
520 305 721 370 quidem
746 320 862 353 vera
886 309 937 352 et
960 301 1177 366 periculo
1202 306 1309 350 tota
1344 298 1651 348 accusatione

152 389 464 454 Oppianicus.
540 387 718 450 Neque
753 385 807 433 id
837 385 1041 434 obscure
1074 383 1262 432 ferebat
1291 398 1381 430 nec
1410 379 1652 429 dissimul-

151 488 232 521 are
274 470 375 520 ullo
413 469 560 518 modo
602 473 830 532 poterat:
874 466 1048 515 aderat
1083 465 1331 528 frequens,
1363 462 1650 520 advocabat,

104 564 127 608 5
152 553 284 602 omni
344 551 512 600 studio
569 549 827 615 gratiaque
886 548 1184 612 pugnabat3
1254 542 1653 609 postremo—id

152 633 285 698 quod
337 633 555 681 maximo
608 630 737 679 malo
788 630 862 679 illi
921 646 1095 678 causae
1141 627 1400 676 fuit——hoc
1446 626 1554 689 ipso
1601 624 1652 672 in

152 714 270 773 loco,
311 714 452 778 quasi
488 729 599 761 reus
635 712 741 776 ipse
778 716 920 771 688613,
961 709 1178 759 sedebat.
1253 707 1396 757 Oculi
1433 707 1654 756 omnium

152 795 372 844 iudicum
418 811 518 843 non
566 795 618 842 in
667 791 1040 852 Scamandrum,
1091 790 1178 839 sed
1224 791 1277 838 in
1326 788 1655 853 Oppianicum

153 873 557 931 coniciebantur3
615 870 768 919 timor
825 869 944 928 eius,
1004 867 1328 933 perturbatio,
1391 882 1656 930 suspensus

15 958 26 973 ²
82 971 131 1000 10
153 955 470 1018 incertusque
528 952 710 1011 vultus,
772 951 944 1000 crebra
1009 949 1186 998 coloris
1243 948 1470 1007 mutatio,
1532 964 1657 1011 quae

154 1041 295 1084 erant
352 1042 500 1083 antea
558 1033 841 1098 suspiciosa,
892 1032 1011 1081 haec
1071 1037 1241 1095 aperta
1299 1036 1350 1079 613
1397 1029 1659 1078 manifesta

153 1117 411 1166 faciebant.
510 1116 623 1164 XX.
670 1115 799 1164 Cum
852 1115 905 1162 in
959 1113 1218 1162 consilium
1270 1112 1330 1160 iri
1391 1116 1656 1174 oporteret,
1683 1115 1747 1166 55

154 1198 401 1263 quaesivit
447 1198 510 1247 ab
555 1214 639 1246 reo
688 1196 741 1245 O.
786 1195 961 1244 Iunius
1003 1194 1266 1258 quaesitor,
1313 1210 1375 1242 ex
1421 1192 1528 1256 lege
1575 1191 1660 1239 illa

157 1280 386 1330 Cornelia
409 1295 535 1343 quae
564 1284 673 1327 tum
703 1283 822 1337 erat,
852 1277 976 1325 clam
1007 1293 1069 1324 an
1101 1275 1264 1339 palam
1296 1274 1358 1323 de
1388 1290 1439 1323 se
1468 1278 1660 1322 senten-

83 1377 130 1420 15
155 1358 278 1407 tiam
309 1358 427 1407 ferri
463 1356 648 1406 vellet:
698 1355 759 1404 de
794 1353 1056 1418 Oppianici
1091 1353 1339 1401 sententia
1371 1368 1659 1416 responsum

156 1442 242 1496 est,
282 1435 417 1500 quod
451 1435 493 1484 is
529 1434 706 1483 Habiti
742 1433 1035 1482 familiarem
1072 1431 1273 1480 Iunium
1309 1447 1413 1479 esse
1449 1430 1658 1490 dicebat,

156 1518 282 1567 clam
319 1516 446 1566 velle
484 1516 614 1565 ferri.
688 1516 826 1563 Itum
864 1520 939 1563 est
976 1514 1029 1562 in
1068 1513 1340 1562 consilium.
1417 1511 1661 1560 Omnibus

157 1599 419 1649 sententiis
468 1603 665 1662 praeter
712 1613 877 1657 unam,
919 1612 1069 1660 quam
1108 1612 1247 1643 suam
1287 1594 1519 1643 Staienus
1559 1611 1663 1643 esse

158 1681 365 1741 dicebat,
406 1679 706 1729 Scamander
744 1678 905 1742 prima
943 1677 1136 1726 actione
1175 1675 1533 1725 condemnatus
1573 1682 1660 1725 est.

85 1790 136 1818 20
159 1763 281 1824 Quis
322 1768 430 1810 tum
472 1767 578 1810 erat
616 1760 838 1814 omnium
875 1759 959 1823 qui
998 1757 1300 1807 Scamandro
1337 1757 1663 1806 condemnato

159 1861 257 1893 non
282 1843 520 1892 iudicium
546 1842 607 1891 de
634 1841 908 1906 Oppianico
939 1841 1122 1889 factum
1161 1856 1265 1888 esse
1302 1839 1665 1888 arbitraretur?

161 1925 292 1987 Quid
334 1931 409 1974 est
450 1924 535 1973 illa
581 1923 902 1972 damnatione
953 1921 1227 1970 iudicatum
1276 1922 1371 1969 nisi
1419 1907 1665 1970 venenum

160 2007 226 2065 id,
280 2006 414 2071 quod
473 2005 662 2054 Habito
722 2004 937 2062 daretur,
1000 2020 1105 2052 esse
1164 2003 1482 2067 quaesitum?
1540 2019 1666 2066 quae

161 2105 305 2152 porro
364 2087 653 2136 tenuissima
711 2086 925 2150 suspicio
984 2085 1162 2134 collata
1209 2085 1259 2132 in
1309 2084 1682 2133 Scamandrum,

87 2192 138 2235 25
163 2176 238 2219 est
283 2176 369 2218 aut
416 2169 628 2218 conferri
676 2168 856 2232 potuit,
907 2173 964 2216 ut
1010 2167 1052 2215 is
1111 2183 1200 2215 sua
1259 2173 1435 2230 sponte
1494 2183 1667 2216 necare

164 2251 376 2301 voluisse
415 2251 657 2298 Habitum
693 2251 992 2314 putaretur‘l

230 2332 398 2396 Atque
440 2332 532 2380 hoc
573 2338 681 2380 tum
723 2330 908 2379 iudicio
945 2330 1075 2378 facto
1117 2334 1167 2378 613
1208 2328 1483 2393 Oppianico
1525 2346 1576 2377 re
1620 2334 1670 2378 et
1693 2329 1758 2381 56

165 2414 533 2464 existimatione
576 2396 688 2473 iam,
734 2412 841 2476 lege
891 2418 942 2460 et
988 2411 1398 2475 pronuntiatione
1446 2411 1669 2460 nondum

166 2494 508 2556 condemnato,
583 2501 751 2543 tamen
825 2493 1043 2542 Habitus
1127 2492 1459 2556 Oppianicum
1531 2509 1670 2541 reum

418 2696 457 2737 2.
491 2701 593 2745 tota,
618 2706 693 2735 s'r:
725 2699 884 2744 emota,
910 2709 952 2734 ω.
1016 2695 1078 2733 11.
1112 2699 1164 2739 et,
1187 2704 1255 2732 sm:
1287 2705 1351 2742 ac,
1376 2707 1420 2734 ω.
