1820 2956
597 99 728 149 PRO
763 100 827 148 A.
871 97 1229 147 CLUENTIO.
1595 93 1657 140 59

162 237 369 302 proinde
394 235 534 300 quasi
561 251 659 283 non
686 234 804 283 satis
829 233 957 297 signi
978 248 1081 282 esse
1101 229 1331 279 debuerit
1350 228 1412 276 ab
1432 226 1659 275 omnibus

162 336 273 368 eum
306 318 455 367 fuisse
489 317 742 365 desertum
775 314 860 379 qui
893 330 944 363 se
977 313 1040 362 ad
1073 318 1338 376 patronum
1375 308 1515 357 illum
1552 324 1643 356 con

161 400 369 449 tulisset.
428 399 548 447 Erat
572 397 705 447 enim
730 397 918 446 Romae
945 411 1138 443 summa
1157 393 1298 458 copia
1320 397 1657 456 patronorum,

159 482 418 531 hominum
461 478 981 544 eloquentissimorum
1028 483 1180 540 atque
1228 473 1659 538 amplissimorum,

114 576 136 620 5
160 579 371 627 quorum
391 566 522 611 certe
538 560 716 624 aliquis
733 559 1039 608 defendisset
1058 557 1273 622 equitem
1296 555 1591 613 Romanum,
1609 552 1662 601 in

160 644 429 708 municipio
455 659 543 692 suo
567 641 798 702 nobilem,
827 642 867 690 si
900 640 1107 690 honeste
1136 643 1363 703 putasset
1392 637 1498 686 eius
1527 634 1662 684 modi

161 743 354 775 causam
383 741 526 789 posse
558 722 771 772 defendi.
859 721 963 771 XL.
1003 721 1132 769 Nam
1167 718 1430 780 Quinctius
1463 715 1663 781 quidem
1688 717 1787 770 110

161 824 310 872 qnam
344 823 539 855 causam
572 821 809 869 umquam
843 809 991 852 antea
1026 802 1237 860 dixerat,
1266 817 1377 849 cum
1413 814 1569 847 annos
1601 799 1665 845 ad

162 888 523 953 quinquaginta
564 894 711 935 natus
754 886 920 935 esset?
957 885 1068 949 quis
1117 900 1229 932 eum
1277 897 1516 946 umquam
1564 896 1665 929 non

92 989 140 1018 10
163 970 309 1019 modo
341 971 394 1018 in
426 969 637 1034 patroni,
667 967 754 1017 sed
783 967 835 1015 in
868 965 1141 1015 laudatoris
1175 970 1262 1013 aut
1294 962 1523 1012 advocati
1557 961 1666 1010 loco

162 1051 393 1101 viderat?
462 1050 560 1112 Qui
595 1049 729 1114 quod
763 1054 925 1098 rostra
959 1049 1059 1096 iam
1094 1047 1182 1095 diu
1215 1062 1369 1095 vacua
1396 1044 1666 1108 ‘locumque

161 1134 303 1182 illum
349 1139 462 1198 post
509 1132 782 1181 adventum
829 1131 883 1180 L.
935 1130 1101 1179 Sullae
1150 1147 1178 1178 a
1235 1127 1502 1178 tribunicia
1547 1143 1666 1175 voce

163 1215 415 1264 desertum
452 1219 776 1279 oppresserat,
819 1211 1295 1275 multitudinemque
1334 1209 1668 1259 desuefactam

163 1297 261 1345 iam
309 1315 338 1345 a
385 1296 701 1345 contionibus
749 1294 811 1343 ad
859 1294 1042 1343 veteris
1090 1291 1464 1342 consuetudinis
1502 1290 1669 1339 simili-

93 1393 139 1436 15
163 1378 395 1427 tudinem
432 1383 702 1437 revocarat,
743 1376 926 1424 idcirco
969 1374 1164 1423 cuidam
1201 1373 1461 1422 hominum
1497 1372 1668 1437 generi

164 1459 416 1524 paulisper
458 1458 722 1507 iucundior
763 1458 875 1507 fuit.
948 1458 1118 1521 Atque
1176 1456 1310 1504 idem
1343 1460 1558 1519 quanto
1616 1454 1668 1502 in

165 1540 280 1590 odio
305 1546 479 1605 postea
502 1541 600 1589 fuit
625 1540 724 1588 illis
754 1539 874 1604 ipsis
903 1555 992 1602 per
1021 1555 1145 1602 quos
1174 1538 1226 1586 in
1257 1537 1482 1585 altiorem
1509 1536 1670 1585 locum

165 1623 482 1672 ascenderat!
553 1622 730 1686 Neque
787 1621 971 1670 iniuria
989 1639 1002 1681 3
1059 1620 1204 1669 facite
1264 1620 1395 1668 enim
1455 1623 1513 1666 ut
1570 1635 1670 1667 non
1694 1617 1792 1670 111

166 1705 325 1753 solum
360 1721 520 1753 mores
554 1704 658 1752 eius
695 1708 745 1752 et
779 1701 1125 1767 arrogantiam,
1165 1700 1251 1750 sed
1289 1701 1440 1749 etiam
1475 1699 1670 1748 vultum

91 1800 144 1829 20
166 1793 314 1851 atque
362 1786 610 1845 amictum,
658 1791 805 1849 atque
847 1784 985 1833 illam
1026 1800 1182 1848 usque
1225 1783 1286 1832 ad
1330 1782 1456 1830 talos
1497 1781 1673 1830 demis-

166 1885 266 1917 sam
318 1885 589 1932 purpuram
640 1866 999 1916 recordemini!
1082 1865 1146 1925 Is,
1208 1864 1348 1928 quasi
1395 1881 1495 1912 non
1543 1869 1672 1912 esset

166 1951 267 2000 ullo
297 1950 444 1999 modo
477 1949 738 1999 ferendum
770 1966 820 1998 se
855 1966 918 1998 ex
950 1947 1133 1997 iudicio
1163 1946 1442 1996 discessisse
1467 1946 1668 2006 victum,

167 2049 269 2081 rem
302 2050 332 2081 a
363 2031 608 2081 subselliis
638 2031 700 2080 ad
734 2037 895 2080 rostra
923 2029 1119 2079 detulit.
1194 2029 1258 2077 Et
1288 2029 1385 2077 iam
1417 2027 1672 2092 querimur

167 2132 311 2179 saepe
359 2114 642 2163 hominibus
692 2114 834 2163 novis
881 2130 982 2162 non
1031 2112 1149 2160 satis
1208 2128 1413 2177 magnos
1470 2110 1522 2158 in
1582 2110 1672 2159 hac

93 2203 144 2246 25
169 2196 370 2245 civitate
402 2212 507 2244 esse
536 2196 762 2244 fructus'l
834 2194 976 2259 Nego
1009 2211 1219 2258 usquam
1253 2210 1492 2257 umquam
1523 2192 1673 2242 fuisse

226 2379 287 2418 12.
322 2391 350 2417 α
379 2391 462 2417 om.
497 2388 558 2417 S'r.
623 2378 685 2417 16.
721 2377 877 2428 Atque,
911 2375 1055 2415 cod‹l.:
1095 2375 1237 2426 Atqui,
1273 2375 1406 2414 Klotz
1437 2376 1518 2427 (cp.
1545 2375 1669 2424 §25).

172 2442 234 2486 17.
259 2442 354 2494 suit
384 2442 467 2482 illis
495 2441 614 2493 ipsis,
647 2441 830 2482 Baiter:
870 2441 954 2480 illis
983 2440 1086 2491 ipsis
1105 2440 1214 2491 fuit,
1249 2439 1437 2479 Miiller:
1478 2441 1564 2479 suis
1592 2439 1675 2479 illi-s

169 2507 274 2558 ipsis
292 2507 399 2558 fuit,
424 2522 468 2556 ω,
493 2506 712 2558 Ramsay:
744 2506 831 2546 suis
860 2505 978 2557 ipsis,
1004 2517 1079 2545 ST:
1110 2504 1198 2544 suis
1226 2504 1331 2556 ipsis
1348 2504 1456 2555 fuit,
1480 2503 1673 2553 Classen,

171 2572 355 2624 Kayser,
387 2571 605 2612 Faussett.
670 2573 731 2612 19.
769 2571 858 2612 eiu-3
887 2577 924 2611 et
957 2570 1270 2622 arroyamiam,
1309 2584 1364 2609 w:
1406 2570 1460 2619 (et
1493 2582 1575 2610 om.
1613 2580 1678 2608 ΕΜ

172 2637 259 2677 and
281 2636 414 2686 dett.)
435 2652 444 2677 ε
474 2643 512 2676 ec
535 2638 831 2688 arroqanciam
855 2636 956 2685 eius,
982 2647 1057 2676 saw
1088 2649 1158 2675 see
1182 2638 1286 2675 note
1311 2648 1366 2674 on
1387 2634 1541 2684 ipsam,
1567 2636 1587 2682 ξ
1607 2635 1674 2674 81.

172 2703 239 2743 20.
273 2707 412 2754 atque,
437 2717 494 2742 w:
525 2708 652 2754 atque
673 2704 814 2751 etiam,
839 2713 899 2742 s'r.
961 2701 1026 2741 23.
1063 2701 1116 2740 Ec
1137 2700 1240 2750 iam,
1265 2714 1323 2739 w:
1353 2699 1495 2749 etiam,
1519 2711 1554 2740 s.
