1820 2956
577 149 708 199 PRO
749 149 811 198 A.
855 148 1202 199 OLUENTIO.
1584 150 1642 197 13

148 300 295 347 quam
337 284 582 332 inermum
624 283 836 331 inimicis
876 283 1186 331 committere
1228 299 1377 331 ausus
1426 289 1513 342 est,
1559 283 1644 331 sed

148 381 236 428 per
275 364 411 413 illam
454 364 506 413 L.
553 363 720 413 Sullae
762 364 864 412 vim
911 371 1063 427 atque
1104 364 1365 413 victoriam
1408 363 1646 412 Larinum

147 447 198 494 in
240 462 433 494 summo
475 446 655 494 timore
698 446 919 494 omnium
963 463 1075 494 cum
1113 446 1318 494 armatis
1360 432 1644 494 advolavit:

147 527 533 591 quattuorviros,
597 543 721 590 quos
779 526 1055 590 municipes
1114 527 1347 587 fecerant,
1411 526 1644 575 sustulit:

101 625 198 675 5se
240 625 269 656 a
317 607 454 657 Sulla
501 613 553 656 et
594 613 694 656 tres
743 613 1002 671 praeterea
1048 607 1203 656 factos
1253 624 1359 656 esse
1405 606 1549 667 dixit,
1596 613 1647 655 et

147 689 209 737 ab
246 689 416 737 eodem
455 689 548 737 sibi
585 705 690 737 esse
725 689 1024 753 imperatum
1062 695 1121 737 ut
1152 688 1221 738 A.
1246 687 1475 749 Aurium,
1503 687 1646 736 illum

125 770 233 834 ‘qui
286 770 379 818 sibi
426 770 727 819 delationem
775 770 989 819 nominis
1038 777 1089 818 et
1142 770 1318 834 capitis
1371 768 1646 833 periculum

148 857 437 911 ostentarat,
473 857 524 899 et
558 852 773 900 alterum
808 851 873 900 A.
914 851 1129 899 Aurium
1168 857 1219 899 et
1254 851 1359 899 eius
1395 850 1448 899 L.
1488 850 1647 898 filium

148 939 199 982 et
231 932 344 982 Sex.
374 933 591 994 Vibium,
621 949 719 996 quo
752 938 1006 996 sequestre
1035 933 1087 980 in
1120 932 1207 981 illo
1238 932 1400 981 indice
1434 949 1648 981 corrum-

75 1040 123 1068 10
146 1014 310 1078 pendo
325 1014 583 1063 dicebatur
599 1031 702 1063 esse
718 1030 851 1074 usus,
873 1013 1246 1078 proscribendos
1262 1014 1648 1063 interficiendos-

147 1113 242 1160 que
268 1103 476 1145 curaret.
549 1096 728 1160 Itaque
753 1096 852 1145 illis
878 1095 1216 1144 crudelissime
1246 1096 1521 1144 interfectis
1547 1113 1647 1144 non

146 1178 381 1227 mediocri
416 1179 479 1227 ab
516 1194 573 1227 eo
609 1178 760 1226 ceteri
796 1177 1172 1242 proscriptionis
1209 1183 1261 1225 et
1296 1178 1472 1226 mortis
1508 1183 1648 1226 metu

145 1259 457 1308 tenebantur.
532 1259 627 1307 His
651 1259 799 1308 rebus
828 1259 881 1306 in
907 1275 1052 1307 causa
1077 1258 1360 1322 iudicioque
1385 1259 1647 1324 patefactis

146 1341 256 1404 quis
282 1347 357 1389 est
381 1341 467 1404 qui
490 1340 633 1389 illum
656 1339 847 1389 absolvi
872 1340 1096 1404 potuisse
1131 1340 1405 1388 arbitretur
1426 1342 1443 1388 2

76 1449 90 1477 ι
99 1446 120 1489 5
213 1422 302 1471 IX.
342 1421 512 1486 Atque
553 1422 673 1471 haec
715 1439 870 1487 parva
917 1428 1064 1470 sunt:
1115 1422 1397 1487 cognoscite
1438 1422 1644 1486 reliqua,

145 1510 205 1553 ut
245 1520 344 1552 non
390 1503 660 1567 aliquando
707 1503 1094 1552 condemnatum
1143 1519 1250 1551 esse
1297 1503 1643 1568 Oppianicum,

147 1585 233 1634 sed
268 1585 486 1648 aliquam
522 1585 611 1633 diu
645 1585 944 1633 incolumem
979 1585 1132 1633 fuisse
1166 1584 1428 1633 miremini.

213 1666 438 1715 Primum
486 1666 655 1715 videte
703 1666 917 1715 hominis
973 1666 1260 1716 audaciam:
1332 1666 1548 1715 Sassiam
1595 1667 1647 1715 in
1671 1661 1737 1713 26

146 1749 521 1797 matrimonium
563 1748 760 1809 ducere,
806 1748 984 1797 Habiti
1026 1748 1463 1808 matrem,——illam
1507 1749 1647 1797 cuius

72 1859 124 1887 20
146 1831 309 1881 virum
367 1829 427 1878 A.
479 1830 694 1878 Aurium
752 1829 1414 1893 occideras-concupivit.—
1460 1830 1645 1879 Utrum

145 1912 486 1977 impudentior
532 1912 611 1960 hic
653 1911 740 1975 qui
787 1911 1010 1975 postulet
1056 1928 1120 1959 an
1169 1911 1417 1960 crudelior
1464 1911 1562 1972 illa,
1607 1912 1646 1959 si

146 1994 316 2053 nubat,
387 1993 585 2042 difficile
644 1993 784 2041 dictu
843 1998 920 2041 est
938 2011 951 2053 3
1009 1992 1094 2041 sed
1156 1998 1326 2041 tamen
1384 1994 1648 2056 utriusque

147 2074 511 2122 humanitatem
593 2074 1023 2137 constantiamque
1095 2075 1391 2138 cognoscite.
1511 2075 1650 2124 Petit
1673 2070 1738 2123 27

147 2155 450 2219 Oppianicus
485 2161 545 2203 ut
580 2155 674 2203 sibi
711 2154 877 2204 Sassia
909 2155 1079 2214 nubat,
1110 2161 1161 2203 et
1193 2155 1246 2203 id
1282 2172 1464 2220 magno
1500 2172 1649 2220 opere

72 2267 121 2309 25
147 2236 436 2297 contendit3
494 2236 581 2284 illa
645 2243 815 2285 autem
876 2253 976 2285 non
1035 2236 1316 2285 admiratur
1372 2237 1647 2297 audaciam,

147 2335 245 2366 non
291 2317 659 2382 impudentiam
717 2323 1027 2382 aspernatur,
1079 2334 1178 2366 non
1237 2318 1454 2382 denique
1511 2318 1649 2366 illam

147 2398 411 2463 Oppianici
458 2399 664 2447 domum
711 2399 807 2447 viri
855 2399 932 2447 sui
980 2399 1222 2463 sanguine
1280 2399 1650 2448 redundantem

202 2509 238 2549 1,
271 2508 494 2557 inermum,
527 2520 592 2548 Mz
633 2509 847 2557 inermem,
882 2519 957 2548 sTF
988 2497 1069 2560 (cp.
1107 2508 1261 2557 hilaro,
1294 2509 1419 2558 §72).
1494 2509 1531 2549 5.
1567 2515 1651 2549 tres

141 2578 379 2624 praeterea,
408 2584 482 2613 sm:
514 2572 621 2612 alios
645 2587 716 2624 pr.
751 2579 847 2621 cres,
879 2588 908 2612 ω
939 2573 1058 2622 (here
1087 2572 1306 2621 ali08=al,
1329 2573 1406 2612 the
1433 2573 1528 2625 sign
1553 2573 1600 2612 of
1624 2586 1650 2613 a

146 2636 360 2690 marginal
371 2637 569 2677 variant:
591 2650 656 2689 cp.
675 2639 695 2685 ἓ
711 2636 801 2685 171,
822 2636 876 2686 7).
924 2638 984 2677 13.
1011 2637 1270 2685 tenebantur,
1290 2648 1361 2677 ST:
1384 2637 1548 2685 terreb„
1567 2648 1644 2676 ΕΜ.

150 2703 211 2741 14.
250 2700 550 2748 arbitraretur,
587 2699 730 2749 (codd.
768 2700 856 2740 and
888 2703 910 2749 ξ
938 2702 1004 2749 96,
1050 2702 1129 2750 10).
1199 2700 1262 2740 15.
1300 2699 1456 2752 Atque,
1494 2700 1647 2742 codd.=

147 2765 228 2814 Qy.
264 2764 401 2816 Atqui
413 2768 430 2805 ‘l
