1820 2956
143 136 205 183 14
574 134 705 184 PRO
749 133 816 183 Α.
852 133 1203 184 CLUENTIO.

138 269 442 330 reformidat,
471 268 571 329 sed,
603 268 765 332 ‘quod
793 268 1002 317 haberet
1025 267 1110 316 ille
1135 274 1236 316 tres
1267 267 1425 324 filios?
1451 267 1639 333 ,idcirco

139 367 191 400 se
228 351 291 400 ab
333 352 401 399 eis
440 350 629 413 nuptiis
667 350 935 398 abhorrere
972 349 1245 413 respondit.
1319 348 1636 413 Oppianicus,

139 433 226 496 qui
294 432 556 496 pecuniam
629 430 822 479 Sassiae
886 430 1266 494 concupivisset,
1329 430 1477 478 domo
1546 429 1640 477 sibi

139 513 479 577 quaerendum
525 511 803 561 remedium
845 511 1156 559 existimavit
1197 510 1259 558 ad
1301 526 1410 566 eam
1451 526 1640 558 moram

139 611 264 657 quae
311 593 502 657 nuptiis
548 592 879 641 adserebatur.
977 591 1110 640 Nam
1157 608 1269 640 cum
1323 590 1531 639 haberet
1578 606 1641 638 ex
1693 609 1716 652 5

138 675 302 723 Novia
332 675 575 722 infantem
611 673 784 734 filium,
805 672 942 742 ,alter
966 679 1136 721 autem
1170 673 1275 721 eius
1311 671 1455 729 filius,
1485 671 1640 734 Papia

138 763 301 819 natus,
351 756 507 804 Teani
553 754 724 819 Apuli,
777 753 934 819 (quod
986 753 1130 802 abest
1180 770 1209 802 a
1260 753 1444 801 Larino
1497 764 1640 800 XVIII

137 838 275 886 milia
321 837 594 901 passuum),
640 835 774 899 apud
816 841 1028 884 matrem
1075 835 1386 894 educaretur,
1433 833 1640 882 arcessit

138 919 304 968 subito
343 919 448 967 sine
491 934 636 966 causa
677 933 890 982 puerum
932 917 1129 966 Teano:
1167 916 1302 980 quod
1343 916 1503 964 facere
1543 915 1639 963 nisi

138 1001 269 1049 ludis
317 1006 407 1048 aut
452 999 593 1048 festis
640 998 817 1047 diebus
864 1003 1012 1046 antea
1054 1015 1153 1065 non
1196 997 1402 1046 solebat.
1472 996 1640 1044 Mater
1668 1016 1717 1044 10

137 1082 317 1141 misera
354 1080 480 1129 nihil
518 1079 636 1128 mali
674 1075 929 1144 suspicans
968 1079 1143 1136 mittit.
1218 1078 1309 1145 Ille
1348 1094 1400 1126 se
1436 1075 1634 1126 'Parent

136 1180 223 1212 um
280 1161 522 1226 proficisci
576 1178 687 1209 cum
740 1160 1037 1220 simulasset,
1089 1176 1146 1208 eo
1192 1160 1302 1223 ipso
1359 1158 1441 1207 die
1498 1175 1634 1223 puer,

138 1244 258 1292 hora
298 1243 562 1292 undecima
604 1259 716 1290 cum
757 1241 941 1300 valens,
972 1242 1022 1289 in
1066 1240 1267 1304 publico
1308 1241 1444 1289 visus
1493 1245 1635 1298 esset,

136 1328 253 1370 ante
289 1326 486 1370 noctem
522 1326 750 1368 mortuus
781 1325 832 1368 et
856 1318 1098 1383 postridie
1123 1326 1240 1367 ante
1265 1334 1415 1381 quam
1450 1316 1640 1366 luceret

47 1414 115 1466 28
137 1403 423 1451 combustus
494 1407 582 1450 est.
677 1399 849 1464 Atque
906 1400 1039 1449 hunc
1096 1405 1296 1448 tantum
1365 1414 1639 1447 maerorem
1667 1422 1713 1465 15

136 1484 286 1533 matri
333 1483 471 1548 prius
518 1482 780 1531 hominum
827 1497 999 1530 rumor
1045 1497 1195 1544 quam
1254 1480 1518 1544 quisquam
1576 1496 1638 1527 ex

138 1566 400 1632 Oppianici
443 1563 631 1612 familia
673 1563 942 1611 nuntiavit.
1038 1561 1134 1611 Illa
1175 1578 1288 1610 cum
1334 1577 1436 1610 uno
1483 1566 1639 1624 temp

137 1666 221 1698 ore
279 1646 503 1695 audisset
563 1644 657 1710 sibi
722 1661 822 1693 non
888 1643 1049 1692 solum
1107 1642 1279 1702 filium,
1342 1642 1429 1691 sed
1487 1642 1636 1691 etiam

137 1728 486 1793 exsequiarum
540 1742 721 1786 munus
781 1730 1023 1788 ereptum,
1086 1722 1325 1772 Larinum
1378 1723 1636 1772 confestim

137 1811 420 1866 exanimata
443 1808 584 1857 venit
608 1812 660 1856 et
694 1807 763 1855 ibi
800 1806 862 1855 de
886 1807 1084 1871 integro
1119 1806 1269 1854 funus
1305 1805 1404 1853 iam
1441 1804 1637 1870 sepulto
1662 1833 1714 1862 20

136 1893 238 1942 filio
273 1891 404 1940 fecit.
478 1889 598 1938 Dies
634 1888 857 1937 nondum
893 1887 1065 1936 decem
1104 1887 1490 1962 intercesserant
1525 1903 1638 1935 cum

134 1974 219 2023 ille
265 1972 392 2021 alter
441 1971 570 2019 filius
617 1970 782 2018 infans
829 1976 1048 2018 necatur.
1123 1968 1300 2032 Itaque
1348 1968 1495 2016 nubit
1542 1967 1638 2031 Op-

136 2055 330 2120 pianico
367 2052 605 2101 continuo
648 2050 826 2111 Sassia,
865 2049 1075 2098 laetanti
1116 2049 1216 2097 iam
1256 2049 1424 2098 animo
1458 2054 1510 2098 et
1550 2065 1636 2112 spe

135 2136 323 2200 optime
365 2134 686 2182 confirmato:
739 2147 829 2180 nec
871 2131 1069 2189 mirum,
1114 2147 1242 2194 quae
1284 2146 1335 2179 se
1374 2147 1474 2179 non
1516 2147 1636 2195 nup-

134 2217 337 2266 tialibus
372 2215 531 2274 doniS,
565 2214 652 2263 sed
688 2213 903 2262 filiorum
939 2212 1198 2261 funeribus
1235 2228 1340 2260 esse
1375 2211 1631 2260 delinitam
1661 2238 1711 2280 25

134 2298 340 2348 videret.
439 2295 518 2344 Ita
581 2295 715 2359 quod
779 2294 930 2343 ceteri
987 2299 1196 2358 propter
1252 2292 1433 2342 liberos
1493 2309 1634 2356 pecu-

134 2381 247 2429 niae
294 2377 575 2443 cupidiores
624 2393 729 2426 esse
771 2375 946 2434 solent,
989 2374 1075 2423 ille
1122 2379 1329 2439 propter
1374 2374 1635 2437 pecuniam

190 2491 225 2529 1.
251 2489 319 2529 ille
340 2494 436 2536 tres,
459 2498 529 2527 s'r:
553 2492 635 2526 tres
654 2485 804 2534 ille,‘w.
858 2486 896 2528 7.
926 2483 1059 2524 Teani
1077 2483 1230 2534 Apuli,
1253 2494 1354 2523 th
1383 2483 1630 2535 Teanopuli,

134 2565 182 2595 F:
208 2552 364 2601 Teano,
381 2563 439 2592 ΒΤ.
475 2551 553 2591 ’10.
574 2550 702 2598 ludis,
722 2561 796 2590 s‘r:
827 2548 941 2588 ludis
954 2547 1148 2599 publici-3,
1176 2563 1216 2587 ω.
1272 2549 1333 2587 11.
1354 2546 1512 2587 misera
1529 2547 1636 2588 nihil

133 2616 252 2666 mali,
283 2628 352 2657 s'r:
383 2615 492 2656 nihil
516 2614 623 2661 mali
650 2615 818 2661 misera,
844 2627 885 2653 ω.
947 2613 1012 2652 24.
1046 2611 1212 2662 optime,
1242 2622 1355 2651 s'rW:
1387 2610 1562 2662 optima,
1586 2627 1627 2651 ω.

133 2682 199 2722 25.
233 2693 327 2730 esse,
353 2691 428 2720 s'r:
460 2693 541 2719 om.
564 2693 594 2718 ω
615 2679 698 2730 (cp.
719 2680 740 2727 ἓ
760 2677 841 2726 75).
895 2677 961 2718 26.
989 2675 1059 2715 Ita
1078 2675 1208 2728 quod,
1221 2686 1296 2715 sr:
1327 2675 1485 2727 itaque,
1508 2685 1628 2717 FMW.

133 2746 198 2789 27.
225 2757 307 2785 esse
325 2744 465 2791 solent,
483 2754 560 2783 s'r:
588 2741 717 2782 solent
737 2753 833 2784 esse.
858 2755 900 2780 ω.
