<?xml version="1.0" encoding="UTF-8"?>
<!DOCTYPE html PUBLIC "-//W3C//DTD XHTML 1.0 Transitional//EN"
    "http://www.w3.org/TR/xhtml1/DTD/xhtml1-transitional.dtd">
<html xmlns="http://www.w3.org/1999/xhtml" xml:lang="en" lang="en">
 <head>
  <title>
</title>
<meta http-equiv="Content-Type" content="text/html;charset=utf-8" />
  <meta name='ocr-system' content='tesseract 3.04.00' />
  <meta name='ocr-capabilities' content='ocr_page ocr_carea ocr_par ocr_line ocrx_word'/>
</head>
<body>
  <div class='ocr_page' id='page_1' title='image "./proacluentioorat00ciceuoft/proacluentioorat00ciceuoft_0117.png"; bbox 0 0 1820 2956; ppageno 0'>
   <div class='ocr_carea' id='block_1_1' title="bbox 547 90 1608 140">
    <p class='ocr_par' dir='ltr' id='par_1_1' title="bbox 547 90 1608 140">
     <span class='ocr_line' id='line_1_1' title="bbox 547 90 1608 140; baseline -0.001 0"><span class='ocrx_word' id='word_1_1' title='bbox 547 91 678 140; x_wconf 72' lang='lat' dir='ltr'>PRO</span> <span class='ocrx_word' id='word_1_2' title='bbox 715 92 779 140; x_wconf 89' lang='grc' dir='ltr'>Α.</span> <span class='ocrx_word' id='word_1_3' title='bbox 822 91 899 139; x_wconf 72' lang='lat' dir='ltr'>CL</span> <span class='ocrx_word' id='word_1_4' title='bbox 912 90 1181 139; x_wconf 63' lang='lat' dir='ltr'><em>(JJAM&#39;JO.</em></span> <span class='ocrx_word' id='word_1_5' title='bbox 1547 93 1608 139; x_wconf 82' lang='lat'>57</span> 
     </span>
    </p>
   </div>
   <div class='ocr_carea' id='block_1_2' title="bbox 39 223 1738 2333">
    <p class='ocr_par' dir='ltr' id='par_1_2' title="bbox 39 223 1738 2333">
     <span class='ocr_line' id='line_1_2' title="bbox 113 223 1611 277; baseline -0.003 0"><span class='ocrx_word' id='word_1_6' title='bbox 113 228 361 277; x_wconf 86' lang='lat' dir='ltr'>adiutores</span> <span class='ocrx_word' id='word_1_7' title='bbox 409 227 513 275; x_wconf 91' lang='lat' dir='ltr'>eius</span> <span class='ocrx_word' id='word_1_8' title='bbox 572 230 623 274; x_wconf 91' lang='lat' dir='ltr'>et</span> <span class='ocrx_word' id='word_1_9' title='bbox 681 224 898 273; x_wconf 89' lang='lat' dir='ltr'>conscios</span> <span class='ocrx_word' id='word_1_10' title='bbox 958 223 1448 272; x_wconf 87' lang='lat' dir='ltr'>vehementissimum</span> <span class='ocrx_word' id='word_1_11' title='bbox 1508 240 1611 272; x_wconf 85' lang='lat' dir='ltr'>esse</span> 
     </span>
     <span class='ocr_line' id='line_1_3' title="bbox 111 305 1612 373; baseline -0.002 -15"><span class='ocrx_word' id='word_1_12' title='bbox 111 309 413 373; x_wconf 64' lang='lat' dir='ltr'>respondet?</span> <span class='ocrx_word' id='word_1_13' title='bbox 498 308 719 369; x_wconf 79' lang='lat' dir='ltr'>Quorum</span> <span class='ocrx_word' id='word_1_14' title='bbox 769 323 858 370; x_wconf 87' lang='lat' dir='ltr'>ego</span> <span class='ocrx_word' id='word_1_15' title='bbox 906 305 967 354; x_wconf 88' lang='lat' dir='ltr'>de</span> <span class='ocrx_word' id='word_1_16' title='bbox 1014 305 1262 354; x_wconf 89' lang='lat' dir='ltr'>sententia</span> <span class='ocrx_word' id='word_1_17' title='bbox 1308 322 1408 354; x_wconf 92' lang='lat' dir='ltr'>non</span> <span class='ocrx_word' id='word_1_18' title='bbox 1457 305 1612 355; x_wconf 88' lang='lat' dir='ltr'>debeo</span> 
     </span>
     <span class='ocr_line' id='line_1_4' title="bbox 112 387 1613 455; baseline -0.003 -15"><span class='ocrx_word' id='word_1_19' title='bbox 112 391 364 455; x_wconf 89' lang='lat' dir='ltr'>disputare</span> <span class='ocrx_word' id='word_1_20' title='bbox 382 409 395 452; x_wconf 88' lang='lat'>;</span> <span class='ocrx_word' id='word_1_21' title='bbox 431 406 589 454; x_wconf 90' lang='lat' dir='ltr'>neque</span> <span class='ocrx_word' id='word_1_22' title='bbox 625 388 757 438; x_wconf 87' lang='lat' dir='ltr'>enim</span> <span class='ocrx_word' id='word_1_23' title='bbox 794 387 970 436; x_wconf 91' lang='lat' dir='ltr'>dubito</span> <span class='ocrx_word' id='word_1_24' title='bbox 1007 387 1126 451; x_wconf 90' lang='lat' dir='ltr'>quin</span> <span class='ocrx_word' id='word_1_25' title='bbox 1164 388 1197 435; x_wconf 91' lang='lat' dir='ltr'>ii</span> <span class='ocrx_word' id='word_1_26' title='bbox 1236 387 1358 436; x_wconf 88' lang='lat' dir='ltr'>tales</span> <span class='ocrx_word' id='word_1_27' title='bbox 1383 387 1479 436; x_wconf 89' lang='lat' dir='ltr'>viri</span> <span class='ocrx_word' id='word_1_28' title='bbox 1514 404 1613 436; x_wconf 88' lang='lat' dir='ltr'>sus·</span> 
     </span>
     <span class='ocr_line' id='line_1_5' title="bbox 111 470 1614 537; baseline -0.003 -15"><span class='ocrx_word' id='word_1_29' title='bbox 111 473 303 537; x_wconf 87' lang='lat' dir='ltr'>picione</span> <span class='ocrx_word' id='word_1_30' title='bbox 352 472 517 536; x_wconf 90' lang='lat' dir='ltr'>aliqua</span> <span class='ocrx_word' id='word_1_31' title='bbox 563 470 775 536; x_wconf 90' lang='lat' dir='ltr'>perculsi</span> <span class='ocrx_word' id='word_1_32' title='bbox 824 470 1085 535; x_wconf 88' lang='lat' dir='ltr'>repentina</span> <span class='ocrx_word' id='word_1_33' title='bbox 1127 470 1188 519; x_wconf 89' lang='lat' dir='ltr'>de</span> <span class='ocrx_word' id='word_1_34' title='bbox 1227 476 1363 519; x_wconf 85' lang='lat' dir='ltr'>statu</span> <span class='ocrx_word' id='word_1_35' title='bbox 1404 487 1492 519; x_wconf 87' lang='lat' dir='ltr'>suo</span> <span class='ocrx_word' id='word_1_36' title='bbox 1534 471 1614 519; x_wconf 92' lang='lat' dir='ltr'>de-</span> 
     </span>
     <span class='ocr_line' id='line_1_6' title="bbox 66 552 1615 616; baseline -0.003 -12"><span class='ocrx_word' id='word_1_37' title='bbox 66 562 88 606; x_wconf 87' lang='lat'><strong>5</strong></span> <span class='ocrx_word' id='word_1_38' title='bbox 112 554 356 604; x_wconf 90' lang='lat' dir='ltr'>clinarint.</span> <span class='ocrx_word' id='word_1_39' title='bbox 453 553 561 615; x_wconf 81' lang='lat' dir='ltr'>Qua</span> <span class='ocrx_word' id='word_1_40' title='bbox 607 569 660 602; x_wconf 91' lang='lat' dir='ltr'>re</span> <span class='ocrx_word' id='word_1_41' title='bbox 707 569 877 601; x_wconf 88' lang='lat' dir='ltr'>eorum</span> <span class='ocrx_word' id='word_1_42' title='bbox 927 552 1012 616; x_wconf 92' lang='lat' dir='ltr'>qui</span> <span class='ocrx_word' id='word_1_43' title='bbox 1061 552 1383 601; x_wconf 90' lang='lat' dir='ltr'>absolverunt</span> <span class='ocrx_word' id='word_1_44' title='bbox 1429 552 1615 601; x_wconf 90' lang='lat' dir='ltr'>miseri-</span> 
     </span>
     <span class='ocr_line' id='line_1_7' title="bbox 112 633 1614 698; baseline -0.001 -13"><span class='ocrx_word' id='word_1_45' title='bbox 112 636 329 685; x_wconf 84' lang='lat' dir='ltr'>cordiam</span> <span class='ocrx_word' id='word_1_46' title='bbox 371 652 473 684; x_wconf 92' lang='lat' dir='ltr'>non</span> <span class='ocrx_word' id='word_1_47' title='bbox 514 633 841 698; x_wconf 82' lang='lat' dir='ltr'>reprehendo,</span> <span class='ocrx_word' id='word_1_48' title='bbox 894 650 1064 682; x_wconf 89' lang='lat' dir='ltr'>eorum</span> <span class='ocrx_word' id='word_1_49' title='bbox 1114 634 1199 697; x_wconf 90' lang='lat' dir='ltr'>qui</span> <span class='ocrx_word' id='word_1_50' title='bbox 1247 634 1299 681; x_wconf 93' lang='lat' dir='ltr'>in</span> <span class='ocrx_word' id='word_1_51' title='bbox 1347 633 1614 683; x_wconf 89' lang='lat' dir='ltr'>iudicando</span> 
     </span>
     <span class='ocr_line' id='line_1_8' title="bbox 112 715 1613 782; baseline -0.002 -16"><span class='ocrx_word' id='word_1_52' title='bbox 112 718 365 782; x_wconf 80' lang='lat' dir='ltr'>superiora</span> <span class='ocrx_word' id='word_1_53' title='bbox 394 716 579 765; x_wconf 90' lang='lat' dir='ltr'>iudicia</span> <span class='ocrx_word' id='word_1_54' title='bbox 603 715 759 765; x_wconf 88' lang='lat' dir='ltr'>secuti</span> <span class='ocrx_word' id='word_1_55' title='bbox 785 722 902 764; x_wconf 91' lang='lat' dir='ltr'>sunt</span> <span class='ocrx_word' id='word_1_56' title='bbox 928 716 1038 781; x_wconf 84' lang='lat' dir='ltr'>&lt;sua</span> <span class='ocrx_word' id='word_1_57' title='bbox 1068 722 1260 779; x_wconf 89' lang='lat' dir='ltr'>sponte,</span> <span class='ocrx_word' id='word_1_58' title='bbox 1289 732 1389 764; x_wconf 92' lang='lat' dir='ltr'>non</span> <span class='ocrx_word' id='word_1_59' title='bbox 1424 715 1613 764; x_wconf 76' lang='lat' dir='ltr'>Staieni</span> 
     </span>
     <span class='ocr_line' id='line_1_9' title="bbox 112 797 1613 865; baseline -0.001 -18"><span class='ocrx_word' id='word_1_60' title='bbox 112 798 305 865; x_wconf 87' lang='lat' dir='ltr'>fraude)</span> <span class='ocrx_word' id='word_1_61' title='bbox 345 798 675 847; x_wconf 73' lang='lat' dir='ltr'>constantiam</span> <span class='ocrx_word' id='word_1_62' title='bbox 712 797 993 860; x_wconf 91' lang='lat' dir='ltr'>comprobo,</span> <span class='ocrx_word' id='word_1_63' title='bbox 1033 813 1204 846; x_wconf 90' lang='lat' dir='ltr'>eorum</span> <span class='ocrx_word' id='word_1_64' title='bbox 1241 813 1359 846; x_wconf 90' lang='lat' dir='ltr'>vero</span> <span class='ocrx_word' id='word_1_65' title='bbox 1398 797 1483 861; x_wconf 90' lang='lat' dir='ltr'>qui</span> <span class='ocrx_word' id='word_1_66' title='bbox 1520 797 1613 846; x_wconf 91' lang='lat' dir='ltr'>sibi</span> 
     </span>
     <span class='ocr_line' id='line_1_10' title="bbox 111 877 1615 943; baseline -0.002 -14"><span class='ocrx_word' id='word_1_67' title='bbox 111 896 212 929; x_wconf 92' lang='lat' dir='ltr'>non</span> <span class='ocrx_word' id='word_1_68' title='bbox 243 879 432 943; x_wconf 89' lang='lat' dir='ltr'>liquere</span> <span class='ocrx_word' id='word_1_69' title='bbox 465 878 704 928; x_wconf 87' lang='lat' dir='ltr'>dixerunt</span> <span class='ocrx_word' id='word_1_70' title='bbox 736 877 1033 942; x_wconf 89' lang='lat' dir='ltr'>sapientiam</span> <span class='ocrx_word' id='word_1_71' title='bbox 1069 877 1392 942; x_wconf 90' lang='lat' dir='ltr'>laudo,-qui</span> <span class='ocrx_word' id='word_1_72' title='bbox 1428 878 1615 927; x_wconf 87' lang='lat' dir='ltr'>absolv-</span> 
     </span>
     <span class='ocr_line' id='line_1_11' title="bbox 41 958 1614 1025; baseline -0.001 -15"><span class='ocrx_word' id='word_1_73' title='bbox 41 976 90 1005; x_wconf 90' lang='lat'>10</span> <span class='ocrx_word' id='word_1_74' title='bbox 112 978 191 1011; x_wconf 89' lang='lat' dir='ltr'>ere</span> <span class='ocrx_word' id='word_1_75' title='bbox 238 978 350 1010; x_wconf 89' lang='lat' dir='ltr'>eum</span> <span class='ocrx_word' id='word_1_76' title='bbox 398 977 543 1025; x_wconf 87' lang='lat' dir='ltr'>quem</span> <span class='ocrx_word' id='word_1_77' title='bbox 590 958 998 1008; x_wconf 88' lang='lat' dir='ltr'>nocentissimum</span> <span class='ocrx_word' id='word_1_78' title='bbox 1047 966 1330 1024; x_wconf 90' lang='lat' dir='ltr'>cognorant,</span> <span class='ocrx_word' id='word_1_79' title='bbox 1377 966 1427 1009; x_wconf 94' lang='lat' dir='ltr'>et</span> <span class='ocrx_word' id='word_1_80' title='bbox 1467 977 1614 1024; x_wconf 90' lang='lat' dir='ltr'>quem</span> 
     </span>
     <span class='ocr_line' id='line_1_12' title="bbox 111 1031 1611 1107; baseline 0 -17"><span class='ocrx_word' id='word_1_81' title='bbox 111 1042 206 1107; x_wconf 87' lang='lat' dir='ltr'>ipsi</span> <span class='ocrx_word' id='word_1_82' title='bbox 231 1042 307 1091; x_wconf 92' lang='lat' dir='ltr'>bis</span> <span class='ocrx_word' id='word_1_83' title='bbox 332 1042 430 1090; x_wconf 90' lang='lat' dir='ltr'>iam</span> <span class='ocrx_word' id='word_1_84' title='bbox 450 1047 596 1091; x_wconf 89' lang='lat' dir='ltr'>antea</span> <span class='ocrx_word' id='word_1_85' title='bbox 615 1031 1006 1090; x_wconf 89' lang='lat' dir='ltr'>condemnarant</span> <span class='ocrx_word' id='word_1_86' title='bbox 1040 1040 1178 1089; x_wconf 89' lang='lat' dir='ltr'>nullo</span> <span class='ocrx_word' id='word_1_87' title='bbox 1197 1041 1347 1090; x_wconf 89' lang='lat' dir='ltr'>modo</span> <span class='ocrx_word' id='word_1_88' title='bbox 1366 1047 1611 1106; x_wconf 91' lang='lat' dir='ltr'>poterant,</span> 
     </span>
     <span class='ocr_line' id='line_1_13' title="bbox 112 1122 1614 1182; baseline 0 -10"><span class='ocrx_word' id='word_1_89' title='bbox 112 1123 454 1182; x_wconf 88' lang='lat' dir='ltr'>condemnare,</span> <span class='ocrx_word' id='word_1_90' title='bbox 482 1139 592 1171; x_wconf 90' lang='lat' dir='ltr'>cum</span> <span class='ocrx_word' id='word_1_91' title='bbox 618 1127 759 1171; x_wconf 89' lang='lat' dir='ltr'>tanta</span> <span class='ocrx_word' id='word_1_92' title='bbox 784 1122 978 1171; x_wconf 90' lang='lat' dir='ltr'>consilii</span> <span class='ocrx_word' id='word_1_93' title='bbox 1003 1122 1207 1171; x_wconf 89' lang='lat' dir='ltr'>infamia</span> <span class='ocrx_word' id='word_1_94' title='bbox 1231 1130 1282 1172; x_wconf 91' lang='lat' dir='ltr'>et</span> <span class='ocrx_word' id='word_1_95' title='bbox 1306 1129 1409 1172; x_wconf 88' lang='lat' dir='ltr'>tam</span> <span class='ocrx_word' id='word_1_96' title='bbox 1435 1123 1614 1172; x_wconf 89' lang='lat' dir='ltr'>atrocis</span> 
     </span>
     <span class='ocr_line' id='line_1_14' title="bbox 111 1203 1614 1269; baseline -0.001 -15"><span class='ocrx_word' id='word_1_97' title='bbox 111 1205 184 1254; x_wconf 88' lang='lat' dir='ltr'>rei</span> <span class='ocrx_word' id='word_1_98' title='bbox 213 1205 426 1269; x_wconf 90' lang='lat' dir='ltr'>suspicio</span> <span class='ocrx_word' id='word_1_99' title='bbox 459 1211 589 1253; x_wconf 85' lang='lat' dir='ltr'>esset</span> <span class='ocrx_word' id='word_1_100' title='bbox 617 1204 814 1263; x_wconf 89' lang='lat' dir='ltr'>iniecta,</span> <span class='ocrx_word' id='word_1_101' title='bbox 843 1203 991 1267; x_wconf 92' lang='lat' dir='ltr'>paulo</span> <span class='ocrx_word' id='word_1_102' title='bbox 1022 1204 1267 1267; x_wconf 89' lang='lat' dir='ltr'>posterius</span> <span class='ocrx_word' id='word_1_103' title='bbox 1291 1205 1539 1268; x_wconf 86' lang='lat' dir='ltr'>patefacta</span> <span class='ocrx_word' id='word_1_104' title='bbox 1562 1222 1614 1254; x_wconf 87' lang='lat' dir='ltr'>re</span> 
     </span>
     <span class='ocr_line' id='line_1_15' title="bbox 111 1286 1738 1351; baseline -0.001 -15"><span class='ocrx_word' id='word_1_105' title='bbox 111 1286 410 1336; x_wconf 88' lang='lat' dir='ltr'>maluerunt.</span> <span class='ocrx_word' id='word_1_106' title='bbox 484 1287 558 1335; x_wconf 91' lang='lat' dir='ltr'>Ac</span> <span class='ocrx_word' id='word_1_107' title='bbox 604 1303 667 1334; x_wconf 91' lang='lat' dir='ltr'>ne</span> <span class='ocrx_word' id='word_1_108' title='bbox 714 1303 777 1335; x_wconf 84' lang='lat' dir='ltr'>ex</span> <span class='ocrx_word' id='word_1_109' title='bbox 823 1286 955 1335; x_wconf 87' lang='lat' dir='ltr'>facto</span> <span class='ocrx_word' id='word_1_110' title='bbox 1003 1286 1162 1335; x_wconf 91' lang='lat' dir='ltr'>solum</span> <span class='ocrx_word' id='word_1_111' title='bbox 1209 1286 1458 1351; x_wconf 88' lang='lat' dir='ltr'>sapientes</span> <span class='ocrx_word' id='word_1_112' title='bbox 1505 1287 1615 1336; x_wconf 90' lang='lat' dir='ltr'>illos</span> <span class='ocrx_word' id='word_1_113' title='bbox 1640 1292 1738 1345; x_wconf 82' lang='grc'>107</span> 
     </span>
     <span class='ocr_line' id='line_1_16' title="bbox 41 1366 1615 1432; baseline -0.001 -14"><span class='ocrx_word' id='word_1_114' title='bbox 41 1380 88 1424; x_wconf 87' lang='lat'>15</span> <span class='ocrx_word' id='word_1_115' title='bbox 111 1368 354 1428; x_wconf 90' lang='lat' dir='ltr'>iudicetis,</span> <span class='ocrx_word' id='word_1_116' title='bbox 406 1367 492 1416; x_wconf 89' lang='lat' dir='ltr'>sed</span> <span class='ocrx_word' id='word_1_117' title='bbox 539 1367 690 1416; x_wconf 88' lang='lat' dir='ltr'>etiam</span> <span class='ocrx_word' id='word_1_118' title='bbox 738 1384 800 1415; x_wconf 87' lang='lat' dir='ltr'>ex</span> <span class='ocrx_word' id='word_1_119' title='bbox 847 1366 1132 1416; x_wconf 88' lang='lat' dir='ltr'>hominibus</span> <span class='ocrx_word' id='word_1_120' title='bbox 1191 1368 1312 1431; x_wconf 87' lang='lat' dir='ltr'>ipsis</span> <span class='ocrx_word' id='word_1_121' title='bbox 1371 1368 1504 1432; x_wconf 89' lang='lat' dir='ltr'>quod</span> <span class='ocrx_word' id='word_1_122' title='bbox 1563 1369 1615 1417; x_wconf 96' lang='lat' dir='ltr'>hi</span> 
     </span>
     <span class='ocr_line' id='line_1_17' title="bbox 111 1449 1612 1514; baseline 0 -15"><span class='ocrx_word' id='word_1_123' title='bbox 111 1451 335 1499; x_wconf 90' lang='lat' dir='ltr'>fecerunt</span> <span class='ocrx_word' id='word_1_124' title='bbox 368 1449 639 1498; x_wconf 89' lang='lat' dir='ltr'>rectissime</span> <span class='ocrx_word' id='word_1_125' title='bbox 673 1466 727 1498; x_wconf 87' lang='lat' dir='ltr'>ac</span> <span class='ocrx_word' id='word_1_126' title='bbox 760 1449 1123 1512; x_wconf 81' lang='lat' dir='ltr'>sapientissime</span> <span class='ocrx_word' id='word_1_127' title='bbox 1152 1450 1341 1498; x_wconf 85' lang='lat' dir='ltr'>factum</span> <span class='ocrx_word' id='word_1_128' title='bbox 1377 1450 1612 1514; x_wconf 91' lang='lat' dir='ltr'>probetis,</span> 
     </span>
     <span class='ocr_line' id='line_1_18' title="bbox 112 1531 1616 1597; baseline 0.001 -16"><span class='ocrx_word' id='word_1_129' title='bbox 112 1532 222 1597; x_wconf 93' lang='lat' dir='ltr'>quis</span> <span class='ocrx_word' id='word_1_130' title='bbox 258 1532 312 1581; x_wconf 89' lang='lat' dir='ltr'>P.</span> <span class='ocrx_word' id='word_1_131' title='bbox 353 1531 560 1581; x_wconf 89' lang='lat' dir='ltr'>Octavio</span> <span class='ocrx_word' id='word_1_132' title='bbox 595 1531 752 1580; x_wconf 88' lang='lat' dir='ltr'>Balbo</span> <span class='ocrx_word' id='word_1_133' title='bbox 788 1531 988 1596; x_wconf 89' lang='lat' dir='ltr'>ingenio</span> <span class='ocrx_word' id='word_1_134' title='bbox 1024 1531 1330 1596; x_wconf 90' lang='lat' dir='ltr'>prudentior,</span> <span class='ocrx_word' id='word_1_135' title='bbox 1369 1532 1475 1581; x_wconf 90' lang='lat' dir='ltr'>iure</span> <span class='ocrx_word' id='word_1_136' title='bbox 1511 1549 1616 1596; x_wconf 90' lang='lat' dir='ltr'>per-</span> 
     </span>
     <span class='ocr_line' id='line_1_19' title="bbox 111 1613 1616 1679; baseline 0 -16"><span class='ocrx_word' id='word_1_137' title='bbox 111 1615 240 1676; x_wconf 91' lang='lat' dir='ltr'>itior,</span> <span class='ocrx_word' id='word_1_138' title='bbox 280 1614 391 1673; x_wconf 87' lang='lat' dir='ltr'>fide,</span> <span class='ocrx_word' id='word_1_139' title='bbox 436 1613 689 1678; x_wconf 87' lang='lat' dir='ltr'>religione,</span> <span class='ocrx_word' id='word_1_140' title='bbox 741 1613 897 1662; x_wconf 90' lang='lat' dir='ltr'>officio</span> <span class='ocrx_word' id='word_1_141' title='bbox 944 1613 1232 1679; x_wconf 87' lang='lat' dir='ltr'>diligentior</span> <span class='ocrx_word' id='word_1_142' title='bbox 1272 1620 1360 1663; x_wconf 93' lang='lat' dir='ltr'>aut</span> <span class='ocrx_word' id='word_1_143' title='bbox 1401 1613 1616 1664; x_wconf 82' lang='lat' dir='ltr'>sanctior</span> 
     </span>
     <span class='ocr_line' id='line_1_20' title="bbox 113 1695 1615 1760; baseline -0.001 -14"><span class='ocrx_word' id='word_1_144' title='bbox 113 1697 483 1746; x_wconf 90' lang='lat' dir='ltr'>commemorari</span> <span class='ocrx_word' id='word_1_145' title='bbox 521 1697 718 1760; x_wconf 67' lang='lat' dir='ltr'>potest?</span> <span class='ocrx_word' id='word_1_146' title='bbox 786 1695 902 1744; x_wconf 91' lang='lat' dir='ltr'>Non</span> <span class='ocrx_word' id='word_1_147' title='bbox 938 1696 1166 1745; x_wconf 87' lang='lat' dir='ltr'>absolvit.</span> <span class='ocrx_word' id='word_1_148' title='bbox 1241 1696 1362 1757; x_wconf 79' lang='lat' dir='ltr'>Quis</span> <span class='ocrx_word' id='word_1_149' title='bbox 1400 1697 1456 1758; x_wconf 80' lang='lat' dir='ltr'>Q.</span> <span class='ocrx_word' id='word_1_150' title='bbox 1491 1697 1615 1747; x_wconf 84' lang='lat' dir='ltr'>Con-</span> 
     </span>
     <span class='ocr_line' id='line_1_21' title="bbox 39 1777 1616 1846; baseline 0 -18"><span class='ocrx_word' id='word_1_151' title='bbox 39 1792 91 1821; x_wconf 89' lang='lat'>20</span> <span class='ocrx_word' id='word_1_152' title='bbox 113 1779 238 1831; x_wconf 83' lang='lat' dir='ltr'>sidio</span> <span class='ocrx_word' id='word_1_153' title='bbox 277 1778 595 1838; x_wconf 91' lang='lat' dir='ltr'>constantior,</span> <span class='ocrx_word' id='word_1_154' title='bbox 636 1778 746 1842; x_wconf 87' lang='lat' dir='ltr'>quis</span> <span class='ocrx_word' id='word_1_155' title='bbox 789 1777 1087 1827; x_wconf 89' lang='lat' dir='ltr'>iudiciorum</span> <span class='ocrx_word' id='word_1_156' title='bbox 1123 1784 1273 1843; x_wconf 88' lang='lat' dir='ltr'>atque</span> <span class='ocrx_word' id='word_1_157' title='bbox 1310 1780 1414 1828; x_wconf 87' lang='lat' dir='ltr'>eius</span> <span class='ocrx_word' id='word_1_158' title='bbox 1456 1780 1616 1846; x_wconf 86' lang='lat' dir='ltr'>digni-</span> 
     </span>
     <span class='ocr_line' id='line_1_22' title="bbox 111 1858 1611 1925; baseline -0.001 -15"><span class='ocrx_word' id='word_1_159' title='bbox 111 1861 230 1910; x_wconf 90' lang='lat' dir='ltr'>tatis</span> <span class='ocrx_word' id='word_1_160' title='bbox 262 1877 388 1925; x_wconf 87' lang='lat' dir='ltr'>quae</span> <span class='ocrx_word' id='word_1_161' title='bbox 423 1860 476 1908; x_wconf 91' lang='lat' dir='ltr'>in</span> <span class='ocrx_word' id='word_1_162' title='bbox 513 1858 707 1908; x_wconf 88' lang='lat' dir='ltr'>iudiciis</span> <span class='ocrx_word' id='word_1_163' title='bbox 743 1859 954 1924; x_wconf 89' lang='lat' dir='ltr'>publicis</span> <span class='ocrx_word' id='word_1_164' title='bbox 987 1860 1173 1909; x_wconf 87' lang='lat' dir='ltr'>versari</span> <span class='ocrx_word' id='word_1_165' title='bbox 1208 1860 1358 1909; x_wconf 91' lang='lat' dir='ltr'>debet</span> <span class='ocrx_word' id='word_1_166' title='bbox 1394 1861 1611 1925; x_wconf 87' lang='lat' dir='ltr'>peritior,</span> 
     </span>
     <span class='ocr_line' id='line_1_23' title="bbox 112 1941 1614 2008; baseline 0 -16"><span class='ocrx_word' id='word_1_167' title='bbox 112 1944 223 2008; x_wconf 89' lang='lat' dir='ltr'>quis</span> <span class='ocrx_word' id='word_1_168' title='bbox 264 1944 466 2003; x_wconf 91' lang='lat' dir='ltr'>virtute,</span> <span class='ocrx_word' id='word_1_169' title='bbox 512 1941 731 2001; x_wconf 88' lang='lat' dir='ltr'>consilio,</span> <span class='ocrx_word' id='word_1_170' title='bbox 771 1942 1067 1990; x_wconf 86' lang='lat' dir='ltr'>auctoritate</span> <span class='ocrx_word' id='word_1_171' title='bbox 1103 1942 1467 2005; x_wconf 66' lang='lat' dir='ltr'>praestantior?</span> <span class='ocrx_word' id='word_1_172' title='bbox 1537 1943 1614 1992; x_wconf 90' lang='lat' dir='ltr'>Ne</span> 
     </span>
     <span class='ocr_line' id='line_1_24' title="bbox 112 2023 1615 2089; baseline 0 -15"><span class='ocrx_word' id='word_1_173' title='bbox 112 2025 153 2074; x_wconf 86' lang='lat' dir='ltr'>is</span> <span class='ocrx_word' id='word_1_174' title='bbox 207 2024 409 2089; x_wconf 91' lang='lat' dir='ltr'>quidem</span> <span class='ocrx_word' id='word_1_175' title='bbox 461 2023 690 2073; x_wconf 89' lang='lat' dir='ltr'>absolvit.</span> <span class='ocrx_word' id='word_1_176' title='bbox 786 2024 1017 2087; x_wconf 85' lang='lat' dir='ltr'>Longum</span> <span class='ocrx_word' id='word_1_177' title='bbox 1065 2030 1140 2072; x_wconf 90' lang='lat' dir='ltr'>est</span> <span class='ocrx_word' id='word_1_178' title='bbox 1193 2023 1254 2072; x_wconf 93' lang='lat' dir='ltr'>de</span> <span class='ocrx_word' id='word_1_179' title='bbox 1307 2024 1615 2088; x_wconf 85' lang='lat' dir='ltr'>singulorum</span> 
     </span>
     <span class='ocr_line' id='line_1_25' title="bbox 113 2105 1616 2170; baseline 0 -14"><span class='ocrx_word' id='word_1_180' title='bbox 113 2107 298 2156; x_wconf 87' lang='lat' dir='ltr'>virtute</span> <span class='ocrx_word' id='word_1_181' title='bbox 339 2107 411 2155; x_wconf 91' lang='lat' dir='ltr'>ita</span> <span class='ocrx_word' id='word_1_182' title='bbox 458 2106 619 2155; x_wconf 91' lang='lat' dir='ltr'>dicere</span> <span class='ocrx_word' id='word_1_183' title='bbox 638 2124 651 2167; x_wconf 80' lang='lat'>3</span> <span class='ocrx_word' id='word_1_184' title='bbox 699 2122 825 2170; x_wconf 90' lang='lat' dir='ltr'>quae</span> <span class='ocrx_word' id='word_1_185' title='bbox 868 2105 1066 2170; x_wconf 89' lang='lat' dir='ltr'>cognita</span> <span class='ocrx_word' id='word_1_186' title='bbox 1112 2111 1229 2154; x_wconf 84' lang='lat' dir='ltr'>sunt</span> <span class='ocrx_word' id='word_1_187' title='bbox 1277 2106 1339 2155; x_wconf 89' lang='lat' dir='ltr'>ab</span> <span class='ocrx_word' id='word_1_188' title='bbox 1387 2107 1616 2156; x_wconf 86' lang='lat' dir='ltr'>omnibus</span> 
     </span>
     <span class='ocr_line' id='line_1_26' title="bbox 39 2187 1611 2251; baseline -0.001 -13"><span class='ocrx_word' id='word_1_189' title='bbox 39 2195 89 2238; x_wconf 87' lang='lat'>25</span> <span class='ocrx_word' id='word_1_190' title='bbox 114 2188 376 2238; x_wconf 87' lang='lat' dir='ltr'>verborum</span> <span class='ocrx_word' id='word_1_191' title='bbox 415 2193 706 2237; x_wconf 88' lang='lat' dir='ltr'>ornamenta</span> <span class='ocrx_word' id='word_1_192' title='bbox 743 2204 845 2237; x_wconf 89' lang='lat' dir='ltr'>non</span> <span class='ocrx_word' id='word_1_193' title='bbox 887 2192 1145 2251; x_wconf 89' lang='lat' dir='ltr'>quaerunt.</span> <span class='ocrx_word' id='word_1_194' title='bbox 1219 2187 1388 2248; x_wconf 76' lang='lat' dir='ltr'>Qualis</span> <span class='ocrx_word' id='word_1_195' title='bbox 1427 2188 1504 2236; x_wconf 91' lang='lat' dir='ltr'>vir</span> <span class='ocrx_word' id='word_1_196' title='bbox 1542 2189 1611 2238; x_wconf 90' lang='lat' dir='ltr'>M.</span> 
     </span>
     <span class='ocr_line' id='line_1_27' title="bbox 114 2268 1610 2333; baseline 0.001 -15"><span class='ocrx_word' id='word_1_197' title='bbox 114 2268 372 2319; x_wconf 87' lang='lat' dir='ltr'>Iuventius</span> <span class='ocrx_word' id='word_1_198' title='bbox 402 2269 538 2318; x_wconf 90' lang='lat' dir='ltr'>Pedo</span> <span class='ocrx_word' id='word_1_199' title='bbox 569 2268 668 2318; x_wconf 81' lang='lat' dir='ltr'>fuit</span> <span class='ocrx_word' id='word_1_200' title='bbox 696 2286 759 2318; x_wconf 84' lang='lat' dir='ltr'>ex</span> <span class='ocrx_word' id='word_1_201' title='bbox 787 2274 956 2318; x_wconf 90' lang='lat' dir='ltr'>vetere</span> <span class='ocrx_word' id='word_1_202' title='bbox 981 2268 1068 2317; x_wconf 91' lang='lat' dir='ltr'>illa</span> <span class='ocrx_word' id='word_1_203' title='bbox 1092 2268 1312 2316; x_wconf 89' lang='lat' dir='ltr'>iudicum</span> <span class='ocrx_word' id='word_1_204' title='bbox 1338 2268 1610 2333; x_wconf 86' lang='lat' dir='ltr'>disciplina,</span> 
     </span>
    </p>
   </div>
   <div class='ocr_carea' id='block_1_3' title="bbox 113 2371 1616 2747">
    <p class='ocr_par' dir='ltr' id='par_1_3' title="bbox 113 2371 1616 2747">
     <span class='ocr_line' id='line_1_28' title="bbox 166 2371 1615 2425; baseline 0 -12"><span class='ocrx_word' id='word_1_205' title='bbox 166 2373 205 2413; x_wconf 86' lang='lat'>2.</span> <span class='ocrx_word' id='word_1_206' title='bbox 228 2373 464 2424; x_wconf 76' lang='lat' dir='ltr'>respondet,</span> <span class='ocrx_word' id='word_1_207' title='bbox 481 2372 601 2413; x_wconf 83' lang='lat' dir='ltr'>edd.:</span> <span class='ocrx_word' id='word_1_208' title='bbox 622 2373 852 2424; x_wconf 73' lang='lat' dir='ltr'>respondit,</span> <span class='ocrx_word' id='word_1_209' title='bbox 871 2371 1016 2421; x_wconf 90' lang='lat' dir='ltr'>codd.,</span> <span class='ocrx_word' id='word_1_210' title='bbox 1040 2371 1127 2411; x_wconf 88' lang='lat' dir='ltr'>and</span> <span class='ocrx_word' id='word_1_211' title='bbox 1148 2371 1322 2412; x_wconf 75' lang='lat' dir='ltr'>Muller.</span> <span class='ocrx_word' id='word_1_212' title='bbox 1376 2371 1481 2425; x_wconf 74' lang='lat' dir='ltr'><strong>Qy.?</strong></span> <span class='ocrx_word' id='word_1_213' title='bbox 1500 2372 1615 2413; x_wconf 79' lang='lat' dir='ltr'>dicat</span> 
     </span>
     <span class='ocr_line' id='line_1_29' title="bbox 115 2436 1616 2489; baseline 0 -11"><span class='ocrx_word' id='word_1_214' title='bbox 115 2438 178 2487; x_wconf 79' lang='lat' dir='ltr'>(as</span> <span class='ocrx_word' id='word_1_215' title='bbox 197 2439 235 2488; x_wconf 81' lang='lat' dir='ltr'>s)</span> <span class='ocrx_word' id='word_1_216' title='bbox 315 2437 577 2489; x_wconf 72' lang='lat' dir='ltr'>respondeat.</span> <span class='ocrx_word' id='word_1_217' title='bbox 638 2438 676 2478; x_wconf 88' lang='lat'>3.</span> <span class='ocrx_word' id='word_1_218' title='bbox 702 2437 736 2477; x_wconf 80' lang='lat' dir='ltr'>ii</span> <span class='ocrx_word' id='word_1_219' title='bbox 755 2438 858 2477; x_wconf 78' lang='lat' dir='ltr'>tales</span> <span class='ocrx_word' id='word_1_220' title='bbox 877 2436 974 2486; x_wconf 83' lang='lat' dir='ltr'>viri,</span> <span class='ocrx_word' id='word_1_221' title='bbox 1001 2451 1056 2476; x_wconf 77' lang='lat' dir='ltr'>w:</span> <span class='ocrx_word' id='word_1_222' title='bbox 1089 2437 1192 2476; x_wconf 77' lang='lat' dir='ltr'>tale-s</span> <span class='ocrx_word' id='word_1_223' title='bbox 1211 2436 1308 2485; x_wconf 79' lang='lat' dir='ltr'>viri,</span> <span class='ocrx_word' id='word_1_224' title='bbox 1333 2448 1393 2477; x_wconf 80' lang='lat' dir='ltr'>s&#39;r.</span> <span class='ocrx_word' id='word_1_225' title='bbox 1458 2439 1520 2477; x_wconf 90' lang='lat' dir='ltr'>ll.</span> <span class='ocrx_word' id='word_1_226' title='bbox 1555 2438 1616 2478; x_wconf 80' lang='lat' dir='ltr'>bis</span> 
     </span>
     <span class='ocr_line' id='line_1_30' title="bbox 113 2501 1611 2554; baseline 0.001 -13"><span class='ocrx_word' id='word_1_227' title='bbox 113 2503 214 2552; x_wconf 81' lang='lat' dir='ltr'>iam,</span> <span class='ocrx_word' id='word_1_228' title='bbox 234 2518 286 2542; x_wconf 78' lang='lat' dir='ltr'>w:</span> <span class='ocrx_word' id='word_1_229' title='bbox 308 2502 382 2551; x_wconf 78' lang='lat' dir='ltr'>bis,</span> <span class='ocrx_word' id='word_1_230' title='bbox 401 2513 450 2542; x_wconf 77' lang='lat' dir='ltr'>s&#39;r</span> <span class='ocrx_word' id='word_1_231' title='bbox 467 2503 550 2554; x_wconf 91' lang='lat' dir='ltr'>(cp.</span> <span class='ocrx_word' id='word_1_232' title='bbox 570 2504 614 2551; x_wconf 61' lang='grc' dir='ltr'>ἐξ</span> <span class='ocrx_word' id='word_1_233' title='bbox 630 2503 694 2551; x_wconf 84' lang='grc'>16,</span> <span class='ocrx_word' id='word_1_234' title='bbox 711 2503 794 2551; x_wconf 90' lang='grc'>90).</span> <span class='ocrx_word' id='word_1_235' title='bbox 846 2502 912 2542; x_wconf 82' lang='lat'>24.</span> <span class='ocrx_word' id='word_1_236' title='bbox 938 2501 1016 2550; x_wconf 81' lang='lat' dir='ltr'>ita,</span> <span class='ocrx_word' id='word_1_237' title='bbox 1037 2501 1161 2541; x_wconf 90' lang='lat' dir='ltr'>codd.</span> <span class='ocrx_word' id='word_1_238' title='bbox 1185 2503 1268 2553; x_wconf 87' lang='lat' dir='ltr'>(cp.</span> <span class='ocrx_word' id='word_1_239' title='bbox 1289 2504 1310 2550; x_wconf 66' lang='grc' dir='ltr'><em>ξ</em></span> <span class='ocrx_word' id='word_1_240' title='bbox 1330 2502 1419 2550; x_wconf 82' lang='lat'>142,</span> <span class='ocrx_word' id='word_1_241' title='bbox 1439 2503 1496 2551; x_wconf 91' lang='lat' dir='ltr'>l):</span> <span class='ocrx_word' id='word_1_242' title='bbox 1519 2501 1611 2552; x_wconf 77' lang='lat' dir='ltr'>illa,</span> 
     </span>
     <span class='ocr_line' id='line_1_31' title="bbox 114 2565 1615 2619; baseline 0 -13"><span class='ocrx_word' id='word_1_243' title='bbox 114 2565 320 2619; x_wconf 87' lang='lat' dir='ltr'>Madvig:</span> <span class='ocrx_word' id='word_1_244' title='bbox 360 2566 456 2616; x_wconf 76' lang='lat' dir='ltr'>ista,</span> <span class='ocrx_word' id='word_1_245' title='bbox 495 2566 622 2607; x_wconf 85' lang='lat' dir='ltr'>Reid.</span> <span class='ocrx_word' id='word_1_246' title='bbox 682 2579 791 2619; x_wconf 81' lang='lat' dir='ltr'>quae</span> <span class='ocrx_word' id='word_1_247' title='bbox 824 2565 942 2618; x_wconf 81' lang='lat' dir='ltr'>quia,</span> <span class='ocrx_word' id='word_1_248' title='bbox 980 2565 1123 2614; x_wconf 90' lang='lat' dir='ltr'>codd.‚</span> <span class='ocrx_word' id='word_1_249' title='bbox 1157 2566 1301 2605; x_wconf 89' lang='lat' dir='ltr'>which</span> <span class='ocrx_word' id='word_1_250' title='bbox 1335 2565 1434 2605; x_wconf 87' lang='lat' dir='ltr'>edd.</span> <span class='ocrx_word' id='word_1_251' title='bbox 1472 2567 1615 2606; x_wconf 85' lang='lat' dir='ltr'>retain</span> 
     </span>
     <span class='ocr_line' id='line_1_32' title="bbox 114 2630 1612 2684; baseline 0.001 -13"><span class='ocrx_word' id='word_1_252' title='bbox 114 2630 297 2682; x_wconf 71' lang='lat' dir='ltr'>(coynita</span> <span class='ocrx_word' id='word_1_253' title='bbox 325 2637 382 2671; x_wconf 76' lang='lat' dir='ltr'>est</span> <span class='ocrx_word' id='word_1_254' title='bbox 403 2660 412 2670; x_wconf 88' lang='lat'><strong>.</strong></span> <span class='ocrx_word' id='word_1_255' title='bbox 442 2661 449 2671; x_wconf 93' lang='lat'><strong>.</strong></span> <span class='ocrx_word' id='word_1_256' title='bbox 476 2661 485 2671; x_wconf 88' lang='lat'><strong><em>.</em></strong></span> <span class='ocrx_word' id='word_1_257' title='bbox 510 2631 689 2682; x_wconf 80' lang='lat' dir='ltr'>quaerit,</span> <span class='ocrx_word' id='word_1_258' title='bbox 722 2630 948 2684; x_wconf 85' lang='lat' dir='ltr'>Pluygers,</span> <span class='ocrx_word' id='word_1_259' title='bbox 973 2631 1192 2679; x_wconf 83' lang='lat' dir='ltr'>Faussett,</span> <span class='ocrx_word' id='word_1_260' title='bbox 1216 2630 1476 2684; x_wconf 84' lang='lat' dir='ltr'>bracketing</span> <span class='ocrx_word' id='word_1_261' title='bbox 1505 2631 1612 2681; x_wconf 84' lang='lat' dir='ltr'>ita):</span> 
     </span>
     <span class='ocr_line' id='line_1_33' title="bbox 114 2694 437 2747; baseline -0.003 -11"><span class='ocrx_word' id='word_1_262' title='bbox 114 2694 138 2736; x_wconf 93' lang='lat' dir='ltr'>I</span> <span class='ocrx_word' id='word_1_263' title='bbox 156 2695 300 2736; x_wconf 86' lang='lat' dir='ltr'>delete</span> <span class='ocrx_word' id='word_1_264' title='bbox 320 2696 437 2747; x_wconf 82' lang='lat' dir='ltr'><strong><em>quia.</em></strong></span> 
     </span>
    </p>
   </div>
  </div>
 </body>
</html>
