1820 2956
496 769 565 818 M.
606 769 815 818 TULLI
851 768 1216 819 CICERONIS

106 895 265 956 PRO
319 896 388 954 A.
441 894 853 955 CLUENTIO
914 894 1225 954 HABITO
1287 894 1603 955 ORATIO

640 1032 739 1081 AD
774 1032 1068 1082 IUDIGES.

106 1275 142 1323 I.
178 1274 542 1334 Animadverti,
564 1273 764 1332 iudices,
788 1288 985 1321 omnem
1011 1275 1309 1323 accusatoris
1329 1276 1604 1324 orationem
1629 1273 1661 1326 1

105 1356 156 1403 in
181 1355 304 1404 duas
329 1355 541 1404 divisam
570 1371 675 1403 esse
707 1359 888 1418 partes,
916 1370 1127 1418 quarum
1159 1355 1317 1404 altera
1354 1357 1476 1405 mihi
1509 1357 1604 1405 niti

106 1443 157 1485 et
181 1454 360 1502 magno
385 1453 534 1500 opere
559 1435 807 1484 confidere
823 1435 1091 1484 videbatur
1116 1437 1306 1485 invidia
1330 1438 1430 1486 iam
1449 1439 1606 1487 invet-

106 1523 241 1566 erata
287 1518 457 1567 iudicii
506 1516 719 1577 Iuniani,
771 1516 928 1565 altera
969 1522 1168 1566 tantum
1210 1519 1360 1568 modo
1407 1535 1605 1568 consue-

57 1610 81 1654 5
105 1599 294 1647 tudinis
320 1617 467 1648 causa
490 1598 667 1647 timide
693 1604 744 1646 et
767 1598 1053 1646 diffidenter
1082 1600 1329 1663 attingere
1358 1601 1604 1649 rationem

106 1681 330 1730 veneficii
360 1681 636 1739 criminum,
665 1696 764 1743 qua
796 1680 858 1728 de
890 1696 944 1728 re
976 1679 1085 1744 lege
1119 1688 1194 1729 est
1226 1682 1345 1731 haec
1378 1684 1604 1747 quaestio

106 1763 390 1812 constituta.
464 1762 642 1826 Itaque
688 1761 811 1809 mihi
860 1769 1051 1810 certum
1099 1768 1175 1811 est
1222 1763 1348 1812 hanc
1396 1765 1603 1814 eandem

104 1828 510 1897 distributionem
534 1843 752 1893 invidiae
779 1847 830 1891 et
854 1843 1117 1891 criminum
1143 1845 1211 1892 sic
1234 1844 1285 1892 in
1316 1845 1604 1895 defensione

105 1943 301 1976 servare
341 1933 401 1975 ut
441 1942 610 1975 omnes
651 1924 948 1988 intellegant
989 1925 1114 1972 nihil
1155 1943 1233 1975 me
1281 1943 1370 1975 nec
1417 1928 1605 1977 subter-

33 2026 83 2055 10
104 2009 274 2073 fugere
299 2008 512 2058 voluisse
536 2005 792 2056 reticendo
817 2022 906 2054 nec
931 2006 1194 2055 obscurare
1219 2007 1444 2059 dicendo.
1507 2009 1604 2059 Sed
1628 2011 1662 2062 2

106 2107 217 2139 cum
264 2090 522 2139 considero
570 2105 668 2152 quo
714 2087 863 2136 modo
910 2087 1031 2135 mihi
1081 2088 1132 2136 in
1180 2086 1392 2154 utraque
1439 2107 1492 2140 re
1539 2092 1606 2140 sit

106 2171 473 2231 elaborandum,
523 2170 681 2219 altera
727 2185 855 2232 pam,
906 2174 957 2217 et
1004 2185 1062 2217 ea
1108 2186 1235 2234 quae
1283 2173 1484 2236 propria
1531 2179 1606 2222 est

104 2253 274 2302 iudicii
315 2253 468 2302 vestri
512 2259 563 2301 et
602 2251 855 2316 legitimae
891 2251 1117 2299 veneficii
1158 2254 1477 2316 quaestionis,
1517 2271 1606 2319 per

105 2335 228 2383 mihi
261 2335 426 2384 brevis
464 2339 514 2383 et
549 2350 647 2382 non
689 2347 897 2396 magnae
933 2331 985 2379 in
1023 2332 1234 2382 dicendo
1270 2336 1605 2385 contentionis

34 2431 80 2474 15
106 2417 210 2465 fore
247 2416 449 2465 videtur
464 2433 478 2476 3
524 2415 680 2464 altera
720 2419 903 2472 autem,
943 2430 1069 2477 quae
1111 2415 1283 2479 procul
1322 2417 1384 2466 ab
1422 2417 1605 2468 iudicio

105 2504 295 2547 remota
353 2504 442 2556 est,
493 2513 619 2560 quae
678 2494 992 2544 contionibus
1053 2496 1286 2545 seditiose
1345 2498 1604 2548 concitatis

105 2579 521 2628 accommodatior
568 2584 644 2627 est
697 2592 847 2642 quam
900 2577 1184 2639 tranquillis
1236 2578 1605 2644 moderatisque

188 2714 248 2753 ad
266 2713 439 2762 iudices,
461 2723 510 2754 s:
541 2725 624 2753 om.
649 2727 690 2752 ω.
755 2712 816 2751 12.
850 2715 887 2750 et
906 2723 969 2759 ea,
994 2722 1042 2751 1³:
1073 2717 1130 2752 esc
1153 2724 1217 2762 ea,
1240 2723 1349 2753 er:
1380 2726 1461 2753 om.
1490 2724 1524 2755 r.

212 2776 246 2818 ὃ
847 2787 880 2817 A
