1820 2956
145 104 206 151 32
576 101 707 152 PRO
745 103 808 152 A.
853 102 1208 155 GLUENTIO.

142 242 271 285 esset
286 255 300 297 3
353 237 415 286 ab
461 236 618 285 isdem
663 242 829 285 autem
875 237 1120 286 iudicibus
1168 236 1254 301 qui
1299 237 1635 286 Fabriciorum

141 316 458 366 damnatione
494 317 555 366 de
593 317 865 380 Oppianico
901 317 1191 377 iudicarant,
1218 317 1354 366 locus
1379 318 1423 366 ei
1447 318 1637 381 primus

141 404 216 446 est
251 399 550 447 constitutus
567 416 580 458 3
616 404 869 447 accusatus
894 404 970 447 est
994 399 1282 447 criminibus
1317 399 1633 463 gravissimis,

142 485 192 528 et
230 480 300 528 eis
341 496 465 542 quae
507 496 535 527 a
576 495 654 528 me
695 479 914 528 breviter
953 479 1088 528 dicta
1129 487 1259 539 sunt,
1294 487 1345 528 et
1365 486 1638 544 praeterea

141 559 310 608 multis
348 576 475 623 quae
517 576 648 608 nunc
686 576 775 624 ego
814 561 979 609 omnia
1016 560 1228 622 omitt03
1272 567 1525 610 accusatus
1564 568 1638 609 est
1690 572 1713 617 5

142 640 273 704 apud
321 657 402 689 eos
454 641 538 704 qui
598 640 954 690 Scamandrum
1013 642 1296 690 ministrum
1356 642 1634 706 Oppianici,

143 722 194 771 O.
261 722 543 771 Fabricium
616 723 863 771 conscium
935 723 1162 772 maleficii
1234 723 1633 772 condemnarant.

53 797 118 848 60
142 804 342 864 Utrum,
381 821 469 868 per
506 804 624 853 deos
662 805 995 854 immortales!
1034 805 1188 869 magis
1226 812 1302 854 est
1339 805 1633 864 mirandum,

141 885 274 949 quod
299 885 340 934 is
366 885 723 934 condemnatus
749 893 837 946 est,
863 902 927 935 an
953 886 1084 950 quod
1111 886 1312 934 omnino
1341 886 1636 949 respondere

141 983 285 1015 ausus
323 969 429 1015 esti
498 966 631 1027 Quid
667 967 799 1016 enim
833 967 905 1015 illi
941 966 1129 1015 iudices
1153 967 1310 1015 facere
1340 969 1639 1031 potuerunt?
1666 982 1715 1011 10

140 1047 225 1111 qui
271 1047 312 1095 si
358 1048 645 1096 innocentes
691 1048 942 1096 Fabricios
1001 1047 1422 1107 condemnassent,
1472 1054 1637 1096 tamen

139 1129 191 1176 in
227 1129 502 1194 Oppianico
539 1129 635 1178 sibi
670 1135 894 1178 constare
920 1135 970 1178 et
994 1129 1326 1193 superioribus
1363 1129 1638 1177 consentire

138 1209 333 1258 iudiciis
379 1209 671 1259 debuerunt.
767 1210 850 1258 An
897 1227 1013 1259 vero
1060 1210 1133 1258 illi
1179 1226 1268 1258 sua
1313 1226 1400 1273 per
1446 1226 1496 1258 se
1542 1210 1638 1273 ipsi

139 1290 320 1339 iudicia
354 1291 703 1351 rescinderent,
733 1308 843 1339 cum
879 1291 1028 1340 ceteri
1065 1291 1256 1340 soleant
1291 1291 1344 1339 in
1372 1290 1637 1340 iudicando

139 1389 201 1420 ne
241 1372 303 1420 ab
345 1372 554 1421 aliorum
595 1372 790 1421 iudiciis
833 1372 1112 1436 discrepent
1155 1372 1450 1436 providere?
1501 1379 1552 1421 et
1592 1372 1638 1421 ei
1665 1387 1712 1431 15

139 1453 228 1516 qui
275 1453 471 1502 Fabrici
529 1453 780 1513 libertum,
830 1454 948 1518 quia
1004 1454 1231 1502 minister
1287 1453 1340 1501 in
1399 1453 1637 1502 maleficio

139 1534 316 1593 fuerat,
377 1539 655 1598 patronum,
718 1534 834 1598 quia
903 1534 1137 1594 conscius,
1210 1533 1633 1594 condemnassent,

139 1615 302 1678 ipsum
348 1615 616 1678 principem
667 1620 816 1679 atque
863 1615 1187 1664 architectum
1233 1615 1427 1663 sceleris
1484 1614 1639 1664 absol-

139 1698 348 1744 verent?
386 1702 437 1744 et
462 1696 547 1759 qui
577 1702 764 1744 ceteros
800 1695 938 1744 nullo
973 1695 1277 1759 praeiudicio
1306 1696 1435 1745 facto
1470 1701 1637 1745 tamen

139 1794 201 1826 ex
247 1777 354 1841 ipsa
400 1794 546 1826 causa
591 1777 1012 1837 condemnassent,
1054 1777 1200 1837 hunc,
1238 1794 1382 1842 quem
1425 1778 1499 1826 bis
1539 1778 1638 1826 iam
1661 1799 1715 1828 20

50 1853 115 1904 61
139 1858 524 1907 condemnatum
582 1865 883 1922 acceperant,
935 1858 1243 1907 liberarent?
1334 1858 1463 1907 Tum
1520 1875 1637 1908 vero

139 1936 224 1984 illa
269 1935 451 1984 iudicia
509 1936 767 1996 senatoria,
817 1953 918 1984 non
964 1935 1086 1984 falsa
1142 1935 1332 1984 invidia
1389 1935 1475 1984 sed
1521 1952 1638 1985 vera

139 2023 288 2081 atque
321 2017 503 2081 insigni
536 2017 848 2081 turpitudine
881 2022 1053 2065 notata
1084 2023 1234 2080 atque
1268 2022 1440 2080 operta
1467 2016 1638 2066 dedec-

139 2115 222 2148 ore
256 2105 306 2147 et
338 2098 555 2158 infamia,
584 2098 858 2147 defensioni
888 2098 1049 2146 locum
1083 2098 1273 2145 nullum
1305 2098 1633 2162 reliquissent.

140 2179 272 2241 Quid
314 2179 446 2228 enim
482 2179 684 2228 tandem
726 2179 799 2227 illi
840 2178 1024 2227 iudices
1066 2179 1434 2242 responderent,
1468 2179 1511 2228 si
1551 2179 1637 2243 qui
1661 2199 1712 2244 25

140 2262 202 2310 ab
239 2261 308 2309 eis
352 2266 643 2323 quaereret:
673 2264 684 2286 ‘
704 2259 1084 2308 Oondemnastis
1122 2259 1504 2310 Scamandrum:
1541 2277 1637 2324 quo

139 2342 402 2391 criminei'
480 2341 716 2405 ‘Nempe,
779 2340 913 2404 quod
984 2341 1225 2388 Habitum
1296 2357 1384 2404 per
1440 2357 1637 2390 servum

138 2423 317 2472 medici
376 2438 568 2471 veneno
626 2437 801 2470 necare
873 2421 1139 2469 voluisset!
1242 2421 1400 2481 ‘Quid
1461 2421 1636 2470 Habiti

191 2568 229 2608 5.
253 2580 364 2607 nunc
380 2579 451 2617 690
467 2568 625 2615 omnim
642 2577 683 2606 s:
706 2578 778 2615 690
791 2565 934 2605 omnia
948 2578 1071 2614 mmo,
1089 2577 1174 2605 FM:
1196 2578 1268 2616 690
1283 2565 1440 2614 omnia,
1457 2577 1504 2605 T:
1525 2578 1637 2606 nunc

138 2632 295 2679 omnia,
308 2643 362 2671 W.
408 2632 471 2670 12.
492 2630 733 2678 consentire,
751 2640 817 2669 s'r:
839 2635 1040 2677 constare,
1056 2641 1097 2669 F:
1120 2631 1351 2679 consistere,
1368 2642 1417 2669 M.
1463 2630 1524 2673 17.
1545 2643 1634 2670 con-

139 2697 247 2738 scius
263 2701 376 2743 esset,
393 2706 454 2735 ΒΤ.
506 2697 571 2734 28.
596 2695 785 2734 voluisset
806 2694 923 2747 quid,
941 2693 1085 2734 codd.:
1109 2694 1236 2733 voluit
1257 2693 1420 2746 ecquid,
1436 2693 1632 2748 Madvig.
