1820 2956
595 134 727 184 PRO
766 134 830 183 A.
873 133 1225 184 CLUENTIO.
1636 133 1663 182 7

165 286 246 318 me
285 268 339 318 in
380 269 515 318 omni
553 284 713 328 causa,
757 268 960 318 tametsi
995 269 1047 316 in
1089 269 1220 317 hune
1259 267 1430 316 hostili
1467 267 1582 316 odio
1617 274 1668 316 et

168 350 462 400 crudelitate
501 356 590 411 est,
634 355 808 411 mater,
849 350 1068 414 inquam,
1114 349 1460 415 appellabitur,
1506 366 1666 413 neque

165 448 403 496 umquam
460 431 546 481 illa
602 432 676 481 ita
733 432 796 481 de
854 447 945 481 suo
1003 431 1186 481 scelere
1245 438 1296 480 et
1354 432 1666 480 immanitate

166 513 338 562 audiet
382 518 442 562 ut
487 518 697 563 naturae
744 530 927 562 nomen
973 513 1176 561 amittat
1193 530 1206 573 3
1265 529 1364 577 quo
1412 513 1543 561 enim
1592 520 1667 561 est

120 615 142 658 5
166 595 330 660 ipsum
371 612 551 645 nomen
593 595 843 644 amantius
884 594 1329 660 indulgentiusque
1367 602 1663 653 maternum,

165 676 257 725 hoc
297 675 431 726 illius
473 677 662 737 matris,
703 693 830 741 quae
872 676 1058 725 multos
1098 676 1198 724 iam
1245 693 1400 725 annos
1444 682 1495 725 et
1535 692 1667 725 nunc

165 774 277 807 cum
335 759 551 808 maxime
610 759 769 807 filium
828 758 1150 807 interfectum
1202 758 1352 822 cupit,
1417 757 1667 822 singulare

165 839 322 889 scelus
360 841 545 890 maiore
583 840 699 889 odio
736 840 945 905 dignum
981 855 1087 889 esse
1125 839 1329 888 ducetis.
1405 838 1478 887 Ea
1514 840 1669 903 igitur

164 928 324 971 mater
362 921 551 983 Habiti,
593 921 772 971 Melini
809 921 944 970 illius
982 920 1331 980 adulescentis,
1369 921 1538 985 generi
1574 921 1663 981 sui,

94 1022 143 1051 10
165 1010 337 1054 eontra
383 1021 534 1068 quam
579 1004 653 1053 fas
702 1010 810 1053 erat
856 1020 1024 1053 amore
1071 1010 1230 1067 capta,
1283 1003 1457 1067 primo,
1506 1020 1667 1067 neque

164 1085 217 1135 id
249 1085 413 1151 ipsum
439 1086 542 1147 diu,
573 1102 774 1150 quoquo
806 1085 955 1134 modo
988 1090 1202 1150 poterat,
1229 1085 1282 1133 in
1310 1085 1396 1133 illa
1428 1102 1473 1134 se
1502 1085 1669 1150 cupid-

164 1167 289 1217 itate
382 1168 701 1217 continebat:
791 1166 973 1216 deinde
1058 1167 1130 1215 ita
1216 1167 1426 1232 flagrare
1504 1167 1669 1231 coepit

164 1249 394 1309 amentia,
440 1249 508 1298 sie
549 1248 858 1297 inflammata
894 1248 1015 1297 ferri
1055 1247 1277 1309 libidine,
1324 1255 1382 1297 ut
1424 1264 1532 1297 eam
1568 1265 1668 1298 non

164 1330 338 1394 pudor,
381 1347 481 1380 non
519 1330 774 1395 pudicitia,
819 1346 919 1379 non
961 1330 1136 1394 pietas,
1179 1346 1279 1378 non
1317 1330 1510 1379 macula
1551 1331 1669 1380 fam-

93 1428 141 1473 15
163 1412 291 1472 iliae,
355 1428 457 1461 non
514 1411 774 1461 hominum
832 1413 977 1472 fama,
1036 1428 1137 1461 non
1194 1411 1284 1460 filii
1344 1412 1500 1473 dolor,
1568 1429 1669 1462 non

164 1493 294 1542 filiae
363 1510 559 1543 maeror
627 1511 657 1542 a
721 1493 997 1558 cupiditate
1061 1499 1330 1543 revocaret.
1426 1494 1669 1543 Animum
1694 1499 1760 1551 13

120 1633 126 1638 j
164 1573 511 1634 adulescentis,
550 1575 776 1624 nondum
818 1575 1023 1624 consilio
1064 1592 1121 1624 ac
1162 1575 1355 1624 ratione
1399 1577 1666 1637 firmatum,

163 1655 374 1721 pellexit
415 1656 484 1705 eis
532 1657 764 1706 omnibus
817 1657 965 1706 rebus
1013 1657 1195 1721 quibus
1243 1656 1328 1706 illa
1375 1663 1512 1707 aetas
1560 1658 1669 1723 capi

164 1755 220 1787 ac
250 1736 451 1787 deliniri
487 1745 666 1803 potest.
742 1738 884 1798 Filia,
914 1755 1041 1803 quae
1083 1756 1182 1788 non
1225 1739 1385 1788 solum
1422 1739 1508 1789 illo
1545 1757 1669 1789 com-

89 1841 141 1869 20
163 1819 303 1869 muni
360 1818 532 1869 dolore
579 1819 811 1869 muliebri
855 1820 923 1868 *in
982 1821 1087 1869 eius
1135 1821 1271 1869 modi
1320 1821 1415 1870 viri
1472 1822 1668 1871 iniuriis

163 1906 444 1966 angeretur,
474 1901 562 1950 sed
600 1902 850 1950 nefarium
887 1902 1062 1950 matris
1103 1902 1365 1966 pelicatum
1405 1903 1533 1952 ferre
1568 1920 1669 1953 non

163 1990 345 2048 posset,
401 1982 464 2031 de
512 1999 612 2048 quo
659 2000 722 2032 ne
771 1984 914 2047 queri
962 1984 1166 2047 quidem
1222 2001 1274 2033 se
1321 1985 1427 2033 sine
1486 1985 1668 2035 scelere

163 2082 306 2130 posse
356 2066 698 2124 arbitraretur,
750 2072 939 2115 ceteros
987 2067 1064 2114 sui
1117 2067 1248 2115 tanti
1301 2067 1417 2114 mali
1470 2067 1668 2132 ignaros

165 2163 270 2196 esse
301 2147 548 2212 cupiebat,
582 2147 635 2195 in
667 2147 814 2195 huius
845 2148 1174 2196 amantissimi
1208 2149 1284 2197 sui
1314 2149 1485 2197 fratris
1518 2150 1669 2199 mani-

88 2247 139 2291 25
163 2229 256 2278 bus
304 2235 356 2278 et
400 2228 591 2294 gremio
638 2246 861 2278 maerore
909 2235 960 2278 et
1005 2229 1221 2279 lacrimis
1269 2233 1663 2281 consenescebat.

163 2310 288 2360 Ecce
311 2316 482 2360 autem
507 2311 730 2360 subitum
754 2311 1043 2373 divortium,
1072 2313 1207 2376 quod
1233 2313 1469 2362 solacium
1494 2314 1668 2364 malor-
1693 2318 1758 2369 14

220 2478 254 2517 1.
290 2475 335 2516 in
354 2475 470 2517 omni
488 2490 633 2524 causa,
652 2488 722 2516 ST:
751 2476 933 2516 nominis
952 2489 1096 2526 causa,
1117 2492 1165 2517 w:
1196 2491 1279 2517 om.
1300 2477 1450 2526 Quint.
1470 2479 1662 2521 Declam.

164 2543 243 2583 388
264 2541 445 2591 (Ritter,
464 2554 506 2594 p.
526 2543 636 2591 441).
689 2543 725 2582 8.
749 2541 999 2589 iudicabitis,
1022 2553 1055 2582 s.
1112 2543 1173 2582 ll.
1194 2541 1241 2582 in
1260 2542 1338 2582 illa
1357 2556 1398 2582 se
1419 2545 1663 2595 cupiditate,

164 2620 243 2659 ego
263 2606 428 2658 scripsi.
480 2606 540 2646 12.
567 2605 814 2655 continebat,
834 2617 904 2646 ST:
933 2605 1234 2655 continebatur,
1260 2622 1289 2646 ω
1309 2607 1396 2646 and
1416 2612 1530 2648 most
1546 2609 1664 2651 edd.:

163 2685 205 2710 se
221 2670 465 2719 concinebat,
485 2670 703 2720 Faussett,
725 2671 840 2710 after
855 2670 1018 2711 Baiter.
1068 2673 1129 2711 14.
1148 2685 1231 2711 ηοη
1249 2672 1476 2722 pudicitia,
1497 2687 1578 2715 om.
1599 2685 1660 2715 ST.

166 2737 227 2776 19.
263 2735 342 2788 Qy.
378 2735 581 2776 deleniri:
612 2738 629 2775 ἵ
650 2749 720 2775 see
741 2735 939 2775 Muller’s
959 2735 1130 2775 critical
1148 2739 1252 2775 note
1269 2751 1278 2776 ε
1311 2738 1349 2785 (ἐ
1368 2737 1435 2784 28,
1458 2738 1542 2786 25).
