1820 2956
604 86 737 136 PRO
776 85 842 135 A.
886 85 962 135 CL
971 84 1237 134 UENTJO.
1616 74 1675 133 1'9

175 222 538 272 sentationibus
584 220 637 268 in
683 219 845 268 Asuvi
884 218 1297 268 consuetudinem
1344 219 1545 283 penitus
1592 219 1678 267 im-

179 303 359 363 mersit,
407 302 711 367 Oppianicus
754 301 992 349 continuo
1034 317 1233 364 sperare
1276 300 1441 364 coepit
1487 300 1579 348 hoc
1626 316 1678 349 se

175 384 361 434 Avillio
419 390 659 447 tanquam
719 382 887 446 aliqua
950 382 1179 430 machina
1239 381 1441 431 admota
1505 397 1678 445 capere

175 467 334 516 Asuvi
391 465 781 514 adulescentiam
830 471 881 513 et
927 464 1153 513 fortunas
1207 464 1313 512 eius
1359 463 1547 528 patrias
1599 479 1679 512 ex-

123 570 145 615 5
173 564 396 613 pugnare
442 563 599 611 posse.
690 546 841 594 Ratio
888 546 1171 610 excogitata
1229 545 1401 593 Larini
1460 550 1548 604 est,
1600 561 1678 593 res

174 629 415 678 translata
452 628 695 687 Romam3
744 627 870 675 inire
908 627 1040 675 enim
1087 626 1349 675 consilium
1391 626 1585 674 facilius
1626 626 1678 674 in

173 710 456 770 solitudine,
507 709 742 774 perficere
789 725 895 757 rem
942 708 1047 757 eius
1095 708 1231 756 modi
1278 707 1586 756 commodius
1626 708 1679 755 in

175 792 321 841 turba
361 807 505 855 posse
553 790 783 839 arbitrati
830 795 962 838 sunt.
1058 788 1282 838 Asuvius
1330 805 1443 837 cum
1490 789 1679 838 Avillio

175 874 384 926 Romam
412 879 488 922 est
523 873 806 938 profectus:
845 871 935 920 hos
964 871 1192 936 vestigiis
1229 871 1535 935 Oppianicus
1572 887 1680 920 con-

102 973 151 1003 10
172 962 371 1006 secutus
408 960 497 1004 est.
570 954 678 1003 Iam
713 959 772 1002 ut
807 953 995 1002 Romae
1028 953 1263 1013 vixerint,
1300 953 1482 1017 quibus
1519 953 1680 1002 convi-

172 1039 279 1098 viis,
342 1037 523 1101 quibus
587 1035 803 1100 flagitiis,
867 1035 1068 1098 quantis
1133 1041 1186 1083 et
1249 1051 1399 1097 quam
1463 1035 1679 1098 profusis

173 1118 466 1183 sumptibus,
506 1134 606 1166 non
641 1117 790 1166 modo
826 1117 1020 1166 conscio
1057 1116 1143 1165 sed
1185 1116 1338 1165 etiam
1380 1116 1589 1166 conviva
1629 1123 1681 1166 et

171 1201 401 1250 adiutore
443 1198 732 1264 Oppianico,
778 1198 982 1263 longum
1027 1203 1104 1247 est
1145 1198 1309 1246 dicere
1355 1198 1492 1258 mihi,
1544 1214 1682 1262 prae-

172 1283 345 1332 sertim
373 1281 436 1330 ad
469 1281 568 1329 alia
594 1281 914 1345 properanti:
954 1280 1142 1329 exitum
1180 1279 1328 1328 huius
1353 1279 1681 1330 adsimulatae

102 1379 150 1424 15
171 1363 527 1414 familiaritatis
552 1362 848 1428 cognoscite.
921 1362 1051 1411 Cum
1076 1367 1208 1410 esset
1231 1361 1522 1410 adulescens
1546 1362 1681 1427 apud
1706 1365 1771 1419 37

172 1445 518 1495 mulierculam
566 1443 832 1508 quandam,
888 1449 1041 1507 atque
1093 1443 1182 1491 ubi
1240 1449 1560 1507 pernoctarat
1611 1445 1682 1493 ibi

173 1528 306 1578 diem
341 1533 598 1592 posterum
634 1531 1038 1584 commoraretur,
1066 1524 1300 1585 Avillius,
1334 1531 1394 1574 ut
1429 1532 1538 1575 erat
1573 1543 1682 1576 con-

173 1610 422 1668 stitutum,
450 1607 656 1657 simulat
680 1623 731 1656 se
755 1613 1014 1672 aegrotare
1048 1613 1099 1656 et
1130 1612 1492 1656 testamentum
1520 1608 1681 1658 facere

173 1691 315 1742 velle.
388 1690 695 1754 Oppianicus
736 1689 1080 1754 obsignatores
1116 1689 1180 1737 ad
1217 1706 1345 1750 eum,
1391 1691 1477 1753 qui
1519 1707 1681 1754 neque

101 1791 152 1821 20
174 1773 422 1823 Asuvium
460 1789 624 1836 neque
662 1771 908 1820 Avillium
946 1776 1164 1830 nossent,
1205 1770 1410 1819 adducit
1450 1777 1501 1820 et
1537 1771 1681 1820 illum

174 1855 422 1905 Asuvium
463 1853 696 1919 appellat.
771 1852 885 1916 Ipse
933 1858 1237 1900 testamento
1278 1852 1439 1901 Asuvi
1481 1854 1681 1903 nomine

175 1937 436 2002 obsignato
461 1934 694 1984 discedit:
721 1933 940 1982 Avillius
965 1933 1079 1982 ilico
1105 1933 1433 1983 convalescit:
1459 1933 1681 1984 Asuvius

175 2025 343 2068 autem
378 2017 519 2067 brevi
555 2017 642 2065 illo
677 2022 916 2081 tempore,
957 2016 1099 2080 quasi
1135 2017 1188 2064 in
1223 2016 1451 2065 hortulos
1488 2017 1597 2078 iret,
1630 2015 1682 2064 in

174 2101 457 2150 harenarias
504 2098 744 2163 quasdam
792 2103 935 2147 extra
982 2104 1178 2162 portam
1218 2097 1529 2162 Esquilinam
1577 2117 1688 2164 per-

101 2197 152 2241 25
175 2183 354 2231 ductus
397 2181 652 2230 occiditur.
728 2179 825 2240 Qui
874 2197 986 2228 cum
1033 2196 1191 2228 unum
1232 2180 1333 2227 iam
1375 2186 1426 2228 et
1466 2180 1680 2230 alterum
1705 2193 1771 2245 38

175 2263 308 2312 diem
349 2263 717 2312 desideraretur
757 2277 919 2325 neque
966 2261 1018 2308 in
1067 2261 1137 2310 eis
1184 2261 1304 2310 locis
1347 2262 1434 2310 ubi
1473 2279 1535 2310 ex
1573 2281 1682 2313 con-

230 2427 267 2467 6.
300 2426 424 2475 inire,
456 2437 535 2466 PF:
567 2425 685 2474 iniri,
719 2437 816 2465 S'rM.
879 2426 916 2465 8.
948 2437 1081 2476 posse,
1107 2439 1164 2465 w:
1192 2437 1311 2475 posse
1339 2437 1394 2474 se,
1419 2425 1676 2468 Mommsen.

178 2492 239 2531 16.
267 2490 338 2531 ubi
351 2496 627 2542 pernoctarat
647 2490 719 2539 ibi,
743 2490 906 2529 Muller
924 2506 932 2530 ι
961 2489 1031 2529 ubi
1045 2495 1313 2540 pernoctaret
1333 2489 1406 2538 ibi,
1426 2502 1452 2529 P
1472 2506 1480 2530 :
1511 2490 1570 2530 ibi
1587 2504 1679 2542 per-

176 2561 362 2596 noctaret
380 2554 453 2604 ibi,
472 2565 521 2595 ΒΤ
541 2556 595 2605 (et
614 2554 686 2604 ibi,
702 2566 766 2594 ΕΜ
784 2570 793 2594 :
822 2561 858 2594 et
878 2554 1046 2603 ibidem,
1066 2554 1250 2603 Lamb.).
1305 2555 1368 2594 22.
1395 2553 1586 2604 discedit,
1603 2566 1679 2597 ST:

176 2619 420 2668 disceditur,
446 2630 537 2659 PFM
563 2619 769 2670 (appellat
792 2620 892 2669 ipse.
957 2619 1219 2658 'J'estamento
1297 2618 1531 2659 disceditur
1549 2634 1681 2674 many

177 2684 274 2724 edd.
285 2686 310 2733 ).
373 2685 437 2724 23.
463 2683 557 2732 iret,
584 2699 640 2723 w:
672 2683 820 2731 iretur,
844 2683 954 2733 conj.
982 2683 1155 2722 Miiller.
