1820 2956
186 101 274 180 '64
648 124 776 183 PRO
813 135 876 183 A.
921 136 997 185 CL
1010 136 1278 187 UENTJO.

211 266 346 315 euius
371 283 531 315 mores
556 274 698 316 erant
717 285 744 316 a
764 269 1045 318 censoribus
1065 271 1362 334 reprehensi,
1384 271 1514 321 hunc
1533 279 1706 337 postea

210 354 260 397 et
295 349 470 413 <populi
514 349 725 398 Romani
767 357 818 399 et
860 367 1029 400 eorum
1068 353 1154 416 qui
1195 353 1245 401 in
1289 354 1451 417 ipsum
1489 355 1706 404 animad-

210 435 461 478 verterant
485 430 703 479 moribus
729 432 1009 494 praefuisse.
1084 433 1227 494 Quod
1252 435 1291 482 si
1317 435 1442 484 illud
1466 435 1706 484 iudicium

209 517 481 575 putaretur,
527 518 584 560 ut
626 512 775 560 ceteri
818 514 952 577 turpi
1001 514 1184 563 iudicio
1231 512 1456 564 damnati
1503 516 1556 564 in
1602 533 1707 580 per-

207 598 414 657 petuum
473 593 608 641 omni
661 593 847 643 honore
894 612 948 643 ac
1008 595 1253 659 dignitate
1312 597 1586 660 privantur,
1637 597 1706 646 sic
1757 605 1779 648 5

208 673 490 722 hominibus
553 674 828 738 ignominia
885 677 1069 724 notatis
1127 693 1288 741 neque
1347 677 1410 726 ad
1468 678 1705 727 honorem

87 752 184 804 120
208 754 371 803 aditus
430 771 588 818 neque
647 755 699 803 in
758 756 943 804 curiam
999 756 1189 806 reditus
1242 765 1384 808 esset.
1471 759 1617 808 Nunc
1664 760 1705 808 si

207 853 355 900 quem
394 835 481 885 Gn.
527 836 729 885 Lentuli
776 844 863 886 aut
900 837 953 885 L.
1001 838 1132 887 Gelli
1180 839 1390 888 libertus
1428 841 1550 889 furti
1597 858 1706 890 con·

207 917 467 976 demnarit‚
505 918 547 966 is
584 918 813 967 omnibus
852 920 1156 968 ornamentis
1199 921 1392 969 amissis
1432 939 1704 986 numquam

205 998 359 1047 ullam
377 998 652 1047 honestatis
678 1016 792 1048 suae
817 1006 1008 1064 partem
1033 1002 1346 1064 recuperabit
1360 1021 1373 1063 3
1400 1019 1523 1066 quos
1539 1010 1705 1052 autem
1733 1016 1781 1045 10

205 1080 309 1144 ipse
366 1079 421 1130 L.
483 1079 673 1129 Gellius
732 1087 783 1129 et
841 1081 929 1130 On.
992 1081 1249 1143 Lentulus,
1305 1083 1404 1132 duo
1464 1101 1700 1146 censores,

206 1160 461 1209 clarissimi
490 1161 585 1209 viri
615 1162 1063 1227 sapientissimique
1099 1163 1336 1226 homines,
1365 1166 1487 1214 furti
1524 1172 1574 1214 et
1599 1183 1706 1230 cap-

205 1247 369 1290 tarum
403 1242 723 1305 pecuniarum
760 1244 959 1292 nomine
995 1251 1312 1306 notaverunt,
1351 1247 1386 1295 ii
1421 1263 1521 1296 non
1557 1247 1704 1297 modo

205 1324 257 1372 in
307 1329 532 1373 senatum
585 1324 856 1384 redierunt,
895 1326 982 1374 sed
1035 1327 1187 1375 etiam
1236 1328 1433 1377 illarum
1483 1329 1703 1392 ipsarum

204 1422 368 1454 rerum
426 1405 620 1454 iudiciis
680 1406 892 1455 absoluti
951 1413 1079 1456 sunt.
1188 1408 1376 1459 XLIII.
1438 1409 1703 1459 Neminem
1732 1418 1778 1461 15

203 1487 469 1536 voluerunt
493 1488 702 1536 maiores
735 1488 892 1536 nostri
924 1505 1024 1536 non
1057 1490 1206 1538 modo
1240 1491 1303 1539 de
1336 1490 1703 1541 existimatione

204 1569 506 1632 cuiusquam,
543 1569 628 1617 secl
661 1586 723 1618 ne
759 1569 1044 1633 pecuniaria
1078 1571 1282 1634 quidem
1318 1571 1378 1620 de
1411 1588 1463 1621 re
1499 1573 1704 1622 minima

205 1663 308 1695 esse
343 1647 571 1707 iudicem,
608 1647 703 1695 nisi
737 1647 822 1711 qui
855 1647 988 1696 inter
1023 1648 1331 1698 adversarios
1363 1650 1673 1699 convenisset
1691 1669 1703 1711 ;

204 1734 507 1792 quapropter
542 1728 594 1775 in
630 1729 860 1776 omnibus
892 1728 1084 1793 legibus
1121 1730 1300 1793 quibus
1336 1736 1599 1795 exceptum
1628 1737 1703 1780 est

205 1808 266 1857 de
302 1809 481 1872 quibus
518 1809 676 1857 causis
713 1814 800 1857 aut
835 1810 1182 1873 magistratum
1219 1828 1392 1875 capere
1424 1829 1526 1860 non
1558 1812 1703 1862 liceat
1728 1826 1779 1855 20

203 1896 290 1939 aut
336 1890 552 1938 iudicem
598 1890 694 1955 legi
743 1895 829 1939 aut
869 1890 1082 1939 alterum
1129 1909 1368 1953 accusare,
1408 1892 1527 1942 haec
1568 1894 1702 1959 igno·

203 1971 384 2019 miniae
419 1987 564 2019 causa
595 1972 943 2034 praetermissa
967 1978 1072 2032 est;
1113 1972 1307 2022 timoris
1333 1974 1465 2022 enim
1490 1992 1700 2035 causam,

202 2068 302 2100 non
345 2052 477 2100 vitae
518 2068 728 2115 poenam
769 2051 822 2100 in
863 2052 950 2100 illa
987 2058 1236 2116 potestate
1278 2071 1381 2103 esse
1420 2056 1696 2105 voluerunt.

82 2129 178 2181 121
203 2132 381 2196 Itaque
414 2149 515 2181 non
548 2133 703 2181 solum
739 2132 865 2181 illud
898 2134 1171 2195 ostendam,
1207 2135 1341 2199 quod
1373 2137 1471 2184 iam
1503 2137 1698 2198 videtis,

202 2214 374 2278 populi
411 2213 623 2262 Romani
657 2214 901 2278 suffragiis
935 2231 1288 2278 saepenumero
1322 2218 1565 2266 censorias
1594 2219 1695 2267 sub·
1726 2229 1776 2272 25

203 2295 495 2359 scriptiones
521 2311 626 2343 esse
651 2295 884 2355 sublatas,
913 2312 1087 2344 verum
1120 2298 1270 2346 etiam
1302 2298 1497 2347 iudiciis
1532 2317 1700 2349 eorum

203 2377 288 2440 qui
321 2376 469 2425 iurati
503 2381 720 2425 statuere
753 2378 939 2425 maiore
965 2394 1076 2426 cum
1101 2378 1338 2444 religione
1368 2386 1419 2429 et
1443 2381 1702 2445 diligentia

203 2458 495 2507 debuerunt.
570 2458 792 2506 Primum
850 2458 1050 2519 iudices,
1103 2466 1354 2509 senatores
1413 2462 1700 2526 equitesque

255 2592 319 2632 24.
355 2592 488 2632 solum
516 2592 638 2640 illud,
672 2603 786 2633 S'rM:
830 2592 965 2632 solum
992 2593 1152 2633 iudices
1185 2595 1303 2643 illud,
1340 2611 1380 2635 ω.
1454 2595 1535 2648 Qy.
1568 2597 1701 2636 solum

201 2660 311 2701 illud
342 2660 536 2701 iudices?
589 2661 653 2701 26.
689 2660 889 2711 sublatas,
926 2673 1002 2701 S'r:
1038 2663 1216 2712 delatas,
1254 2675 1318 2704 M:
1354 2664 1523 2714 deletas,
1555 2676 1582 2705 F
1614 2665 1701 2706 and

201 2729 298 2771 edd.
