1858 2956
633 119 761 185 PRO
796 137 860 186 A.
904 137 980 186 CL
993 137 1259 186 UENTJO.
1596 136 1681 184 101

196 268 326 317 Nam
386 269 670 319 Stratonem
729 269 944 333 quidem,
994 269 1193 330 iudices,
1245 270 1295 318 in
1345 287 1534 318 crucem
1584 287 1687 319 esse

195 358 358 398 actum
386 356 583 400 exsecta
606 351 781 399 scitote
807 350 1005 414 lingua;
1042 351 1176 414 quod
1202 367 1348 400 nemo
1378 350 1687 399 Larinatium

194 438 270 480 est
316 433 401 496 qui
448 433 645 481 nesciat.
733 432 922 480 Timuit
968 433 1143 480 mulier
1189 449 1358 481 amens
1406 449 1505 481 non
1549 449 1687 480 suam

194 514 554 574 conscientiam,
604 530 704 562 non
758 512 929 561 odium
986 514 1305 577 municipum,
1356 530 1457 562 non
1504 513 1687 562 famam

147 594 426 654 somnium,
472 594 558 643 sed
605 594 743 658 quasi
791 610 889 642 non
939 610 1108 643 omnes
1151 595 1254 643 eius
1297 594 1493 643 sceleris
1535 601 1687 643 testes

193 681 355 722 essent
388 675 559 735 futuri,
597 675 665 723 sic
700 675 881 723 metuit
916 692 978 723 ne
1015 675 1430 724 condemnaretur
1465 682 1688 724 extrema

191 755 374 804 servuli
399 773 516 805 voce
542 757 811 805 morientis.
1790 798 1796 805 .

258 836 402 897 Quod
426 837 519 886 hoc
544 844 845 901 portentum,
874 838 924 886 di
950 838 1256 887 immortales
1277 842 1285 886 ἔ
1325 839 1460 902 quod
1490 832 1687 887 tantum
1711 838 1809 890 188

119 907 124 911 ⁶
190 912 464 966 monstrum
503 919 555 967 in
591 918 705 967 ullis
741 919 873 979 locis,
903 919 1034 983 quod
1065 925 1167 968 tam
1193 920 1428 968 infestum
1455 921 1611 968 scelus
1637 927 1687 970 et

119 1017 167 1046 10
189 998 402 1048 immane
437 1005 526 1048 aut
561 1000 692 1048 unde
729 1006 901 1048 natum
939 1016 1042 1049 esse
1078 1000 1336 1049 dicamus?
1405 1000 1513 1049 Iam
1554 1002 1687 1050 enim

189 1079 371 1127 videtis
406 1080 641 1144 profecto,
675 1081 879 1141 iudices,
912 1098 1013 1130 non
1052 1082 1157 1130 sine
1194 1082 1481 1130 necessariis
1516 1098 1596 1130 me
1632 1099 1686 1130 ac

188 1161 416 1209 maximis
464 1162 623 1210 causis
671 1162 913 1226 principio
961 1163 1198 1211 orationis
1246 1179 1382 1212 meae
1426 1163 1487 1211 de
1528 1170 1687 1212 matre

188 1242 382 1290 dixisse.
457 1242 600 1291 Nihil
637 1249 712 1292 est
747 1244 878 1292 enim
912 1243 1044 1302 mali,
1072 1243 1199 1292 nihil
1224 1244 1418 1293 sceleris
1443 1244 1576 1307 quod
1601 1245 1687 1293 illa

188 1339 287 1371 non
332 1324 396 1372 ab
442 1323 586 1372 initio
633 1325 735 1373 filio
782 1324 1012 1383 voluerit,
1063 1326 1325 1389 optaverit,
1376 1326 1681 1390 cogitaverit,

116 1419 162 1462 15
187 1404 414 1454 effecerit.
510 1405 664 1454 Mitto
711 1406 848 1454 illam
895 1407 1105 1470 primam
1152 1406 1376 1455 libidinis
1434 1407 1682 1467 iniuriam,

186 1485 332 1534 mitto
357 1485 569 1534 nefarias
593 1487 764 1551 generi
789 1487 1004 1550 nuptiaS,
1034 1488 1180 1536 mitto
1211 1487 1486 1551 cupiditate
1512 1488 1684 1537 matris

186 1566 442 1630 expulsam
489 1585 551 1616 ex
600 1568 916 1617 matrimonio
965 1569 1131 1627 filiam,
1176 1586 1302 1632 quae
1350 1569 1572 1618 nondum
1621 1570 1684 1618 ad

185 1647 387 1697 huiusce
429 1649 561 1698 vitae
601 1649 890 1716 periculum,
931 1650 1018 1698 sed
1059 1650 1123 1699 ad
1166 1667 1427 1699 commune
1467 1651 1683 1700 familiae

185 1728 396 1777 dedecus
454 1730 805 1793 pertinebant3
874 1730 1000 1778 nihil
1060 1731 1120 1779 de
1179 1731 1350 1779 alteris
1421 1731 1682 1795 Oppianici

110 1825 163 1854 20
186 1810 373 1873 nuptiis
408 1827 599 1874 queror,
629 1828 837 1875 quarum
872 1812 958 1860 illa
994 1828 1106 1860 cum
1143 1811 1339 1860 obsides
1375 1812 1501 1860 filios
1538 1813 1599 1861 ab
1625 1829 1683 1861 eo

184 1898 403 1940 mortuos
439 1893 718 1956 accepisset,
758 1899 868 1941 tum
903 1892 1116 1956 denique
1152 1893 1204 1940 in
1241 1892 1456 1942 familiae
1493 1893 1681 1942 luctum

184 1979 334 2036 atque
369 1973 420 2021 in
457 1974 798 2038 privignorum
836 1974 985 2022 funus
1021 1975 1193 2038 nupsit
1211 1993 1223 2035 ς
1259 1980 1513 2038 praetereo
1546 1975 1682 2039 quod

183 2054 242 2102 A.
287 2054 509 2115 Aurium,
555 2055 693 2103 cuius
739 2055 824 2104 illa
865 2056 1116 2119 quondam
1158 2072 1338 2115 socrus,
1376 2055 1525 2120 paulo
1566 2063 1680 2105 ante

183 2150 311 2183 uxor
349 2135 536 2195 fuisset,
571 2152 682 2184 cum
721 2136 984 2199 Oppianici
1022 2153 1125 2185 esse
1164 2153 1312 2200 opera
1348 2137 1680 2200 proscriptum

110 2226 160 2269 25
184 2215 492 2280 occisumque
539 2223 809 2281 cognosset,
860 2234 967 2265 eam
1015 2217 1110 2266 sibi
1157 2217 1360 2266 domum
1417 2217 1679 2281 sedemque

184 2295 368 2360 delegit
404 2297 456 2345 in
495 2314 593 2361 qua
631 2298 813 2347 cotidie
853 2299 1118 2363 superioris
1155 2299 1251 2347 viri
1288 2299 1461 2347 mortis
1497 2299 1681 2348 indicia

184 2382 235 2425 et
269 2377 426 2441 spolia
460 2378 771 2428 fortunarum
807 2379 1013 2429 videret.
1087 2379 1220 2428 Illud
1243 2380 1459 2443 primum
1485 2396 1675 2444 queror,
1703 2379 1801 2431 189

184 2456 246 2505 de
291 2457 377 2506 illo
418 2459 597 2508 scelere
637 2460 770 2524 quod
812 2477 945 2509 nunc
987 2460 1202 2525 denique
1242 2461 1544 2524 patefactum
1588 2466 1675 2522 est,

237 2591 274 2634 7.
307 2591 474 2641 servuli,
504 2592 596 2633 cod.
623 2593 734 2643 Ball,
763 2594 830 2635 ed.
862 2595 1078 2648 princeps,
1109 2595 1196 2634 and
1226 2594 1486 2635 Lambinus:
1518 2594 1673 2643 servili,

182 2671 239 2697 w:
273 2656 391 2704 servi,
416 2668 477 2697 s'r.
529 2659 777 2707 emorientis,
794 2659 956 2699 Muller
972 2662 1054 2712 (cp.
1073 2660 1189 2709 §30).
1242 2660 1306 2700 23.
1326 2659 1383 2699 A.
1404 2658 1609 2708 Aurium,
1627 2670 1675 2700 T:

181 2720 246 2761 M.
270 2719 474 2770 Aurium,
499 2731 545 2762 s:
577 2722 776 2771 Aurium,
802 2738 832 2762 ω
853 2725 934 2776 (cp.
960 2737 1016 2763 on
1035 2726 1056 2773 ξ
1075 2723 1158 2774 23).
