1820 2956
140 130 199 176 16
569 127 700 178 PRO
740 127 804 178 A.
849 128 1198 178 O'LUE'NTIO.

137 268 306 312 mento
330 261 646 321 defensioni-5,
674 261 1004 326 Oppianicum
1037 263 1288 312 hominem
1321 264 1634 313 sceleratissi-

137 361 274 391 mum
309 350 360 392 et
394 343 800 392 nocentissimum
837 359 943 392 esse
975 343 1281 393 damnatum.
1357 344 1454 405 Qui
1487 346 1633 395 uxori

137 441 253 473 suae
291 425 566 483 Cluentiae,
609 440 736 487 quae
772 424 927 472 amita
964 424 1110 473 huius
1151 425 1326 474 Habiti
1373 426 1482 485 fuit,
1522 444 1634 476 cum

136 507 240 570 ipse
282 505 516 570 poculum
551 504 783 564 dedisset,
823 505 990 554 subito
1025 505 1110 554 illa
1145 507 1197 554 in
1233 506 1396 554 media
1430 508 1632 570 potione

137 588 433 637 exclamavit
457 603 510 635 se
534 587 753 635 maximo
778 603 890 634 cum
915 586 1085 636 dolore
1111 588 1265 635 emori
1283 606 1296 648 3
1332 604 1420 636 nec
1443 588 1633 638 diutius

136 670 266 719 vixit
306 685 455 734 quam
496 668 662 717 locuta
697 673 786 724 est,
813 684 929 715 nam
964 668 1015 715 in
1050 667 1160 732 ipso
1195 685 1420 717 sermone
1455 669 1548 718 hoc
1583 676 1634 718 et

135 750 487 800 vociferatione
520 755 718 797 mortua
755 754 843 797 est.
915 748 982 796 Et
1018 749 1082 797 ad
1118 749 1245 798 hanc
1282 756 1494 798 mortem
1529 756 1632 799 tam

135 832 448 896 repentinam
473 846 715 894 vocesque
740 830 996 878 morientis
1030 831 1195 879 omnia
1222 837 1478 896 praeterea
1507 849 1632 896 quae

136 909 296 962 solent
331 929 435 961 esse
471 911 653 960 indicia
692 917 743 959 et
778 911 989 976 vestigia
1024 912 1204 960 veneni
1239 912 1292 959 in
1326 912 1460 961 illius
1485 920 1632 962 mort-

135 1011 228 1044 uae
265 1010 467 1057 corpore
502 993 720 1041 fuerunt.
1527 1048 1530 1049 ⁷

48 1078 110 1130 31
202 1075 291 1124 XI.
331 1075 618 1138 Eodemque
642 1090 834 1122 veneno
867 1072 919 1123 O.
954 1074 1285 1138 Oppianicum
1317 1074 1521 1124 fratrem
1553 1093 1633 1125 ne-

135 1157 281 1206 cavit.
355 1155 533 1219 Neque
558 1160 634 1203 est
658 1155 749 1203 hoc
779 1155 929 1204 satis:
965 1156 1166 1204 tametsi
1197 1156 1249 1204 in
1281 1157 1390 1220 ipso
1413 1157 1632 1206 fraterno

135 1238 399 1303 parricidio
440 1236 634 1284 nullum
675 1236 833 1284 scelus
873 1237 1275 1300 praetermissum
1312 1238 1524 1299 videtur,
1563 1245 1632 1287 ta-

135 1337 262 1379 men,
306 1325 365 1367 ut
402 1318 465 1366 ad
501 1318 593 1366 hoc
628 1317 873 1366 nefarium
909 1318 1100 1366 facinus
1135 1319 1404 1379 accederet,
1438 1320 1631 1369 aditum

136 1402 229 1450 sibi
270 1400 378 1448 aliis
421 1399 686 1447 sceleribus
725 1405 842 1447 ante
880 1399 1108 1448 munivit.
1182 1399 1314 1448 Nam
1354 1418 1466 1450 cum
1504 1409 1633 1451 esset

135 1482 341 1548 gravida
381 1481 553 1540 Auria,
597 1479 765 1528 fratris
810 1496 951 1540 uxor,
993 1487 1045 1529 et
1089 1481 1189 1528 iam
1235 1483 1631 1547 appropinquare

136 1573 308 1629 partus
343 1568 619 1626 putaretur,
647 1561 906 1610 mulierem
938 1578 1130 1611 veneno
1158 1563 1409 1612 interfecit
1440 1571 1499 1613 ut
1533 1582 1632 1614 una

135 1645 260 1694 illud
285 1643 418 1708 quod
445 1649 551 1691 erat
575 1659 637 1691 ex
662 1643 816 1691 fratre
841 1650 1135 1707 conceptum
1167 1652 1439 1695 necaretur.
1511 1646 1633 1696 Post

136 1728 339 1775 fratrem
380 1725 641 1789 adgressus
683 1731 790 1773 est:
827 1725 914 1789 qui
955 1742 1077 1786 sero,
1122 1726 1219 1774 iam
1263 1727 1506 1778 exhausto
1546 1729 1632 1778 illo

136 1807 311 1873 poculo
346 1807 534 1865 mortis,
567 1823 678 1854 cum
717 1812 769 1854 et
805 1806 867 1855 de
906 1823 996 1856 suo
1033 1814 1085 1856 et
1121 1808 1183 1856 de
1219 1810 1389 1858 uxoris
1424 1811 1633 1861 interitu

136 1890 370 1938 clamaret
416 1893 872 1952 testamentumque
919 1895 1114 1938 mutare
1162 1897 1378 1954 cuperet,
1427 1892 1479 1940 in
1525 1894 1632 1958 ipsa

136 1970 495 2036 significatione
553 1969 701 2018 huius
748 1969 1023 2019 voluntatis
1082 1977 1159 2019 est
1216 1979 1457 2022 mortuus.
1553 1975 1631 2024 Ita

135 2053 394 2101 mulierem
434 2067 496 2099 ne
538 2057 687 2115 partu
729 2051 833 2099 eius
874 2051 937 2099 ab
974 2051 1252 2101 hereditate
1292 2053 1512 2104 fraterna
1552 2072 1631 2105 ex-

135 2134 419 2183 cluderetur
454 2132 681 2192 necavit3
732 2132 900 2180 fratris
937 2138 1107 2181 autem
1145 2133 1324 2183 liberos
1362 2136 1499 2198 prius
1527 2139 1628 2186 vita

136 2216 355 2281 privavit
378 2231 526 2277 quam
551 2213 623 2262 illi
648 2213 774 2262 hanc
797 2230 827 2262 a
851 2221 1032 2262 natura
1055 2214 1215 2263 lucem
1247 2217 1466 2280 accipere
1490 2226 1631 2283 potu-

137 2302 296 2355 erunt,
332 2301 391 2344 ut
419 2311 590 2344 omnes
621 2294 971 2359 intellegerent
1003 2296 1128 2344 nihil
1164 2297 1208 2345 ei
1241 2298 1474 2360 clausum,
1505 2301 1631 2350 nihil

136 2384 361 2428 sanctum
403 2392 509 2425 6556
549 2391 706 2440 posse,
749 2392 779 2424 a
819 2376 957 2424 cuius
999 2377 1203 2425 audacia
1242 2377 1409 2428 fratris
1450 2380 1630 2431 liberos

155 2524 161 2529 ’
189 2528 227 2568 3.
242 2525 410 2576 ficisset,
435 2536 494 2565 sc.
547 2524 585 2564 5.
610 2523 754 2572 emori,
773 2535 847 2564 s'r:
877 2524 1001 2571 mori,
1020 2535 1138 2564 FMw.
1191 2525 1228 2568 7.
1255 2531 1356 2575 tam,
1376 2539 1430 2566 w:
1461 2542 1541 2569 om.
1563 2541 1623 2571 sm.

136 2593 174 2632 8.
206 2602 411 2641 vocesque,
440 2599 515 2628 s'r:
547 2600 774 2639 vocemque,
804 2599 879 2627 ΕΜ.
944 2587 1005 2631 17.
1037 2594 1274 2639 putaretur,
1299 2602 1349 2631 s'r
1371 2590 1443 2632 b2:
1473 2593 1627 2634 videre-

137 2662 218 2702 tur,
239 2669 279 2694 ω.
331 2654 395 2693 25.
422 2653 565 2701 lucem,
581 2663 652 2692 ST:
675 2653 903 2703 propriam
917 2651 1059 2700 lucem,
1082 2664 1196 2693 mvtw.
1241 2654 1629 2709 Qy.?[propitiam]

135 2720 268 2759 lucem
289 2719 375 2766 (566
395 2716 562 2766 Notes).
625 2717 690 2756 26.
720 2715 910 2755 clausum
927 2715 1046 2764 nihil,
1079 2730 1160 2757 om.
1194 2716 1244 2758 sl.

1662 1016 1709 1044 10

1656 1832 1709 1860 20
