1820 2956
594 171 724 220 PRO
764 171 829 220 A.
873 169 1222 219 CLUENTIO.
1601 170 1655 216 11

165 310 215 355 et
261 304 412 354 filiam
460 304 693 369 Magiam,
744 308 955 368 nuptam
1002 302 1291 368 Oppianico.
1366 303 1434 351 M.
1474 301 1660 351 Aurius

162 385 567 435 adulescentulus
613 385 746 434 bello
794 385 969 434 Italico
1016 391 1191 450 captus
1238 384 1373 449 apud
1420 383 1663 433 Asculum

162 467 214 516 in
256 467 311 528 Q.
352 466 494 532 Sergi
536 467 777 516 senatoris
821 466 948 532 (eius
990 467 1076 530 qui
1117 467 1250 515 inter
1290 466 1490 515 sicarios
1531 465 1663 514 dam-

163 555 309 598 natus
346 548 443 614 est)
479 565 655 597 manus
691 547 881 608 incidit,
915 553 966 596 et
1000 547 1133 611 apud
1173 564 1287 596 eum
1322 547 1374 595 in
1411 546 1663 612 ergastulo

115 649 138 690 5
162 631 259 679 fuit
275 648 288 691 3
345 629 408 679 N.
459 637 625 679 autem
684 628 871 677 Aurius
918 629 1074 678 frater
1132 629 1238 677 eius
1295 634 1523 676 mortuus
1571 633 1659 687 6813,

162 711 494 775 heredemque
543 711 632 760 On.
678 710 905 776 Magium
951 711 1159 759 fratrem
1206 709 1413 773 reliquit
1429 728 1443 771 3
1489 715 1664 774 postea

161 789 330 854 Magia
371 806 499 838 uxor
540 788 803 853 Oppianici
844 794 1043 837 mortua
1085 793 1161 836 est
1177 806 1190 848 3
1239 793 1492 852 postremo
1532 803 1662 835 unus

162 870 247 934 qui
294 870 514 934 reliquus
563 875 671 919 erat
716 869 937 918 Dinaeae
984 868 1131 928 filius,
1182 867 1270 917 On.
1321 868 1535 933 Magius,
1587 873 1663 918 est

161 958 402 1001 mortuus.
499 951 548 1000 Is
607 951 841 1000 heredem
902 950 1023 999 fecit
1086 949 1226 998 illum
1292 949 1660 999 adulescentem

92 1052 138 1081 10
162 1033 493 1098 Oppianicum
552 1033 734 1081 sororis
793 1049 910 1081 suae
969 1031 1140 1092 filium,
1209 1047 1422 1095 eumque
1485 1032 1660 1096 partiri

161 1130 273 1163 cum
313 1114 505 1163 Dinaea
545 1120 706 1162 matre
744 1114 903 1163 iussit.
977 1112 1188 1162 Interim
1230 1113 1371 1161 venit
1410 1112 1564 1162 index
1598 1113 1661 1162 ad

161 1194 403 1244 Dinaeam
442 1211 603 1258 neque
642 1194 883 1244 obscurus
930 1211 1092 1258 neque
1133 1194 1367 1254 incertus,
1414 1195 1499 1258 qui
1541 1211 1662 1242 nun-

160 1277 312 1325 tiaret
353 1277 399 1326 ei
437 1275 594 1324 filium
639 1276 758 1335 eius,
794 1277 863 1325 M.
894 1276 1123 1336 Aurium,
1152 1276 1323 1325 vivere
1362 1281 1413 1324 et
1454 1276 1506 1324 in
1544 1293 1663 1341 agro

160 1357 351 1407 Gallico
410 1374 515 1406 esse
540 1358 592 1406 in
623 1358 911 1407 servitute.
1008 1357 1197 1406 Mulier
1254 1357 1446 1406 amissis
1494 1357 1662 1407 liberis
1686 1358 1753 1410 22

91 1458 136 1502 15
160 1456 273 1488 cum
331 1439 480 1488 unius
539 1439 851 1503 reciperandi
905 1439 995 1488 filii
1043 1456 1154 1504 spes
1203 1445 1335 1488 esset
1394 1444 1659 1500 ostentata,

161 1538 331 1570 omnes
367 1537 480 1570 suos
514 1521 823 1586 propinquos
861 1521 1049 1585 filiique
1089 1522 1167 1570 sui
1208 1521 1511 1570 necessarios
1554 1538 1664 1571 con-

159 1602 370 1664 vocavit,
416 1609 468 1651 613
502 1602 566 1651 ab
608 1602 679 1651 eis
713 1603 838 1652 fiens
873 1603 1058 1668 petivit
1092 1608 1151 1652 ut
1186 1603 1446 1668 negotium
1482 1604 1663 1668 suscip-

160 1690 316 1744 erent,
359 1683 728 1733 adulescentem
775 1684 1149 1749 investigarent,
1196 1685 1290 1733 sibi
1337 1685 1663 1734 restituerent

160 1783 273 1816 eum
319 1765 478 1815 filium
524 1782 674 1830 quem
715 1772 885 1815 tamen
925 1783 1083 1815 unum
1132 1783 1195 1815 ex
1241 1766 1414 1815 multis
1460 1767 1662 1816 fortuna

89 1870 137 1899 20
159 1848 408 1913 reliquum
450 1863 555 1896 esse
598 1846 852 1897 voluisset.
942 1847 1081 1897 Haec
1124 1864 1237 1896 cum
1279 1864 1424 1913 agere
1464 1848 1662 1898 institu-

158 1930 291 1989 isset,
359 1945 597 1993 oppressa
660 1930 835 1978 morbo
893 1935 998 1989 est;
1073 1930 1244 1994 itaque
1302 1935 1662 1979 testamentum

158 2011 277 2061 fecit
317 2010 422 2059 eius
463 2009 600 2058 modi
635 2016 694 2059 ut
732 2010 806 2059 illi
842 2010 944 2060 filio
983 2010 1072 2059 HS
1111 2023 1239 2060 0000
1279 2010 1418 2060 milia
1452 2010 1656 2077 legaret,

158 2092 393 2142 heredem
456 2091 750 2140 institueret
819 2091 1034 2140 eundem
1103 2091 1246 2140 illum
1312 2092 1656 2157 Oppianicum,

158 2180 392 2239 nepotem
428 2189 570 2221 suum
595 2190 608 2234 3
644 2181 796 2237 atque
822 2174 891 2222 eis
921 2173 1098 2222 diebus
1134 2174 1305 2238 paucis
1338 2181 1414 2223 est
1445 2181 1644 2224 mortua

20 2291 28 2298 .
87 2278 133 2321 ²5
158 2255 435 2320 Propinqui
471 2261 642 2303 tamen
678 2255 766 2315 illi,
796 2272 942 2319 quem
977 2255 1041 2304 ad
1079 2256 1285 2304 modum
1315 2257 1431 2305 viva
1469 2256 1662 2307 Dinaea

157 2338 494 2397 instituerant,
539 2336 611 2384 ita
652 2343 851 2386 mortua
897 2337 984 2386 illa
1023 2337 1087 2386 ad
1135 2338 1541 2403 investigandum
1587 2340 1657 2389 Μ.

158 2419 374 2468 Aurium
415 2434 526 2467 cum
569 2418 744 2468 eodem
778 2418 865 2468 illo
905 2418 1069 2468 indice
1102 2419 1155 2467 in
1197 2436 1372 2485 agrum
1413 2419 1660 2469 Gallicum

159 2501 368 2566 profecti
403 2506 535 2551 sunt.
612 2500 755 2550 VIII.
803 2500 1014 2550 Interim
1052 2501 1502 2566 Oppianicus,-—ut
1537 2509 1656 2564 erat,
1684 2505 1750 2558 23

213 2599 250 2638 6.
275 2598 480 2647 fratrem,
508 2609 611 2638 Ps'r:
633 2598 826 2648 fratrem
848 2610 984 2646 suum,
1010 2613 1039 2636 ω
1068 2599 1149 2650 (cp.
1176 2599 1256 2647 §9,
1283 2600 1336 2647 1).
1398 2599 1435 2638 9.
1470 2599 1661 2639 heredem

149 2661 269 2713 jecit,
292 2673 390 2702 Ps'r:
411 2661 519 2713 fecit
539 2662 743 2711 heredem,
770 2677 812 2702 ω.
876 2663 938 2704 17.
970 2662 1041 2710 eis,
1066 2674 1113 2702 P:
1146 2662 1224 2711 his,
1248 2673 1345 2703 srr:
1378 2663 1443 2711 iis,
1469 2675 1517 2704 M.
1580 2664 1660 2705 See

158 2740 200 2779 p.
232 2726 369 2767 xlviii.
410 2730 514 2767 note
545 2728 583 2768 3.
659 2727 724 2766 22.
759 2727 844 2767 HS
885 2738 974 2766 cccc
1016 2725 1154 2776 milia,
1201 2736 1241 2766 P.
1314 2728 1379 2767 24.
1414 2727 1494 2776 his,
1529 2728 1654 2769 codd.

162 2791 370 2839 (Classen,
394 2791 599 2844 Ramsay,
623 2791 858 2840 Faussett).
