1858 2956
198 132 290 184 104
628 137 757 187 PRO
793 139 857 186 A.
892 134 1254 196 CLUENTIO.

191 269 364 328 dicam,
405 270 525 334 quin
563 270 867 335 expiandum
904 272 1045 320 illum
1081 272 1242 321 locum
1284 289 1388 322 esse
1427 273 1682 322 arbitrare-

190 355 284 410 tur,
311 366 620 414 quacumque
654 351 740 399 illa
772 351 869 400 iter
902 352 1097 401 fecisset
1113 371 1128 414 3
1163 370 1308 402 nemo
1344 353 1464 417 quin
1499 360 1682 402 terram

189 430 346 495 ipsam
404 431 593 490 violari,
642 448 768 495 quae
825 438 984 482 mater
1041 440 1118 482 est
1175 434 1410 494 omnium,
1459 435 1681 499 vestigiis

188 511 544 560 consceleratae
573 512 745 561 matris
775 518 988 576 putaret.
1060 514 1236 578 Itaque
1260 515 1398 564 nullo
1413 503 1474 563 'in
1498 515 1681 579 oppido

189 591 489 640 consistendi
526 597 746 656 potestas
779 593 825 641 ei
855 593 964 654 fuit,
1002 611 1147 643 nemo
1183 612 1245 643 ex
1286 602 1363 644 tot
1403 595 1680 659 hospitibus
1732 613 1754 656 5

188 672 422 721 inventus
459 678 533 721 est
568 674 654 736 qui
690 690 790 722 non
828 675 1173 738 contagionem
1209 681 1434 739 aspectus
1458 676 1679 740 fugeret:

186 753 320 802 nocti
355 769 406 801 se
442 753 609 816 potius
645 770 700 802 ac
735 753 992 802 solitudini
1029 771 1177 818 quam
1213 755 1301 804 ulli
1325 763 1412 804 aut
1446 757 1558 805 urbi
1593 763 1680 805 aut

65 833 164 886 194
185 832 371 897 hospiti
413 834 767 883 committebat.
853 834 1000 883 Nunc
1049 852 1166 884 vero
1215 836 1337 899 quid
1388 842 1514 901 agat,
1558 837 1679 901 quid

185 913 431 974 moliatur,
471 913 591 978 quid
633 914 845 979 denique
892 915 1075 964 cotidie
1122 916 1305 980 cogitet
1351 934 1499 980 quem
1545 918 1679 982 igno-

187 1011 291 1043 rare
339 1000 567 1043 nostrum
616 999 794 1059 putat?
866 996 1002 1056 Quos
1048 996 1323 1061 appellarit,
1373 999 1553 1062 quibus
1601 1016 1679 1062 pe·
1706 1022 1755 1051 10

184 1076 380 1124 cuniam
418 1076 713 1140 promiserit,
754 1094 963 1140 quorum
1000 1077 1150 1126 fidem
1185 1078 1345 1142 pretio
1384 1079 1678 1128 labefactare

183 1164 359 1205 conata
393 1157 459 1205 sit
493 1162 732 1206 tenemus,
805 1157 939 1218 Quin
975 1158 1126 1207 etiam
1157 1166 1400 1208 nocturna
1427 1160 1673 1220 sacrificia,

182 1254 308 1301 quae
343 1242 488 1300 putat
523 1237 790 1286 occultiora
825 1254 942 1297 6886,
982 1238 1339 1303 sceleratasque
1376 1240 1478 1288 eius
1510 1257 1677 1304 preces

182 1324 233 1366 et
269 1317 458 1366 nefaria
495 1323 612 1366 vota
653 1319 1005 1382 cognovimus3
1041 1319 1221 1382 quibus
1252 1319 1338 1368 illa
1374 1321 1524 1369 etiam
1559 1321 1676 1370 deos

181 1398 484 1447 immortales
522 1398 584 1447 de
621 1415 710 1448 suo
748 1399 928 1448 scelere
970 1405 1185 1448 testatur
1223 1417 1383 1465 neque
1431 1401 1676 1467 intellegit
1702 1421 1750 1465 15

180 1479 364 1543 pietate
400 1486 451 1528 et
480 1479 716 1543 religione
745 1485 795 1528 et
818 1480 964 1528 iustis
989 1480 1214 1543 precibus
1238 1481 1443 1530 deorum
1469 1490 1672 1543 mentes,

180 1577 280 1609 non
318 1560 653 1609 contaminata
690 1560 1041 1624 superstitione
1077 1577 1236 1625 neque
1273 1562 1335 1610 ad
1371 1562 1529 1612 scelus
1570 1581 1675 1629 per-

179 1641 444 1690 ficiendum
491 1641 641 1690 caesis
688 1641 866 1690 hostiis
922 1658 1066 1705 posse
1112 1642 1308 1706 placari.
1383 1643 1536 1693 Cuius
1585 1662 1674 1709 ego

178 1721 394 1771 furorem
436 1727 584 1786 atque
623 1722 967 1770 crudelitatem
1006 1722 1124 1771 deos
1162 1724 1465 1774 immortales
1502 1743 1532 1774 a
1572 1727 1673 1775 suis

178 1803 275 1851 aris
316 1809 466 1866 atque
503 1802 702 1866 templis
734 1809 1020 1866 aspernatos
1056 1820 1160 1852 esse
1196 1805 1400 1854 confido.
1696 1828 1749 1856 20

56 1883 154 1936 195
242 1884 426 1932 LXIX.
455 1883 557 1932 Vos
581 1883 781 1943 iudiceS,
810 1900 931 1947 quos
956 1883 1069 1932 huic
1094 1884 1153 1933 A.
1183 1885 1413 1934 Cluentio
1438 1887 1673 1950 quosdam

177 1964 297 2014 alios
332 1964 450 2013 deos
479 1964 542 2013 ad
572 1980 716 2013 omne
748 1964 877 2013 vitae
906 1970 1102 2028 tempus
1131 1966 1333 2015 fortuna
1365 1984 1469 2016 esse
1498 1968 1668 2028 voluit,

176 2045 324 2094 huius
358 2045 788 2109 importunitatem
822 2044 994 2093 matris
1032 2062 1060 2093 a
1098 2046 1185 2094 filii
1221 2047 1379 2111 capite
1421 2048 1666 2112 depellite.

175 2126 326 2174 Multi
358 2142 502 2190 saepe
537 2125 589 2173 in
624 2125 889 2174 iudicando
925 2133 1125 2189 peccata
1158 2127 1371 2176 liberum
1406 2136 1671 2192 parentum

175 2206 538 2256 misericordiae
585 2212 958 2255 concesserunt:
1008 2223 1095 2256 vos
1132 2225 1194 2257 ne
1241 2208 1387 2257 huius
1433 2210 1671 2259 honestis·
1693 2227 1744 2270 25

176 2287 296 2336 sime
355 2294 514 2336 actam
573 2287 726 2335 vitam
784 2286 957 2335 matris
1028 2288 1311 2337 crudelitati
1381 2290 1669 2339 condonetis
1711 2324 1713 2326 -

175 2384 416 2431 rogamus,
466 2367 758 2431 praesertim
815 2384 927 2416 cum
985 2385 1047 2416 ex
1104 2369 1261 2417 altera
1317 2376 1458 2433 parte
1507 2378 1668 2419 totum

174 2447 497 2511 municipium
532 2447 700 2496 videre
735 2447 949 2511 possitiS.
1021 2447 1205 2497 Omnes
1240 2449 1428 2508 scitote,
1466 2450 1664 2510 iudices,

230 2590 292 2629 10.
315 2594 566 2637 nostrorum,
591 2600 678 2629 smF.
746 2589 805 2629 13.
824 2594 965 2640 putat,
987 2589 1239 2630 Lambinus:
1262 2596 1395 2641 putet,
1412 2590 1536 2631 codd.
1597 2593 1661 2632 21.

173 2653 377 2704 quosdam
410 2652 530 2701 alios,
568 2652 816 2700 Lambinus,
857 2653 1046 2701 Classen,
1083 2654 1301 2705 Ramsay:
1333 2667 1435 2705 quos
1465 2654 1584 2703 alios,
1617 2667 1664 2695 ¹1⁸:

172 2717 294 2766 alios,
317 2728 388 2757 SF:
420 2716 544 2769 quasi
565 2716 776 2767 (Classen)
803 2716 979 2769 aliquos,
1004 2718 1164 2757 Halm:
1195 2717 1320 2769 quasi
1344 2719 1510 2767 alteros,
1535 2719 1660 2759 Reid.
