1820 2956
165 149 227 195 52
600 146 728 196 PRO
763 146 827 195 A.
870 145 1226 195 CLUE'NTIO.

163 281 256 329 viri
316 287 465 345 atque
523 280 826 344 amplissimi,
882 280 984 328 vim
1042 279 1356 328 tribuniciam
1415 279 1655 328 sustinere

163 367 433 426 potuerunt
450 380 463 423 ;
498 361 681 410 nedum
719 360 796 408 his
834 360 1152 424 temporibus,
1194 360 1270 408 his
1309 360 1541 418 moribus,
1579 359 1656 408 his

163 443 530 508 magistratibus
555 443 661 491 sine
685 448 850 491 vestra
874 442 1116 505 sapientia
1145 459 1199 490 ac
1229 442 1333 490 sine
1363 441 1656 490 iudiciorum

74 526 140 579 96
163 524 393 573 remediis
431 523 551 572 salvi
592 540 696 572 esse
733 523 990 587 possimus.
1063 522 1177 571 Non
1215 523 1310 571 fuit
1345 522 1470 571 illud
1505 523 1658 587 igitur

163 605 399 654 iudicium
435 604 607 653 iudicii
643 604 815 665 simile,
844 603 1043 662 iudices,
1072 620 1172 652 non
1198 603 1309 663 fuit,
1336 604 1386 652 in
1424 621 1521 667 quo
1557 620 1656 652 non
1710 616 1732 660 5

163 686 337 736 modus
378 686 509 735 ullus
550 692 624 734 est
664 685 931 743 adhibitus,
976 702 1075 734 non
1114 702 1220 734 mos
1258 684 1657 748 consuetudoque

163 774 369 827 servata,
397 784 499 816 non
535 784 678 816 causa
714 767 946 816 defensa:
981 767 1057 815 vis
1091 766 1176 815 illa
1209 766 1304 814 fuit
1340 772 1403 826 et,
1435 772 1492 814 ut
1516 782 1658 829 saepe

163 849 260 898 iam
297 849 414 908 dixi,
442 849 587 897 ruina
622 848 862 912 quaedam
900 854 1049 911 atque
1084 853 1352 911 tempestas
1388 853 1438 896 et
1461 846 1659 911 quidvis

163 931 328 995 potius
367 947 516 994 quam
554 930 791 978 iudicium
830 935 917 978 aut
958 928 1251 993 disceptatio
1293 935 1380 977 aut
1421 929 1654 992 quaestio.

164 1011 308 1072 Quod
345 1012 384 1059 si
422 1011 532 1075 quis
563 1017 638 1059 est
670 1010 756 1074 qui
788 1009 914 1058 illud
946 1009 1182 1075 iudicium
1215 1010 1364 1058 fuisse
1393 1010 1661 1058 arbitretur
1689 1025 1736 1053 10

164 1099 215 1142 et
253 1093 337 1156 qui
375 1092 453 1141 his
490 1093 636 1141 rebus
678 1091 905 1140 iudicatis
948 1090 1180 1139 standum
1219 1097 1373 1154 putet,
1414 1091 1456 1139 is
1493 1097 1658 1139 tamen

164 1174 289 1222 hanc
326 1191 520 1222 causam
557 1173 619 1222 ab
655 1173 739 1221 illa
775 1173 924 1222 debet
959 1173 1215 1237 seiungere
1233 1192 1246 1234 3
1294 1173 1355 1221 ab
1390 1172 1475 1220 illo
1512 1173 1658 1230 enim,

165 1256 268 1304 sive
310 1255 443 1319 quod
483 1255 535 1303 in
576 1255 735 1319 legem
777 1271 877 1303 non
918 1254 1127 1303 iurasset
1168 1254 1270 1302 sive
1312 1253 1446 1318 quod
1487 1270 1513 1302 e
1554 1254 1660 1318 lege

165 1337 462 1386 subsortitus
515 1335 727 1384 iudicem
782 1353 881 1384 non
935 1341 1075 1393 esset,
1132 1335 1291 1383 multa
1347 1335 1505 1398 petita
1558 1351 1661 1383 esse

167 1419 362 1478 dicitur,
395 1418 595 1467 Cluenti
628 1424 793 1466 autem
825 1417 952 1465 ratio
986 1434 1095 1465 cum
1127 1417 1224 1464 illis
1257 1417 1447 1481 legibus
1481 1417 1661 1480 quibus
1691 1428 1736 1471 15

167 1519 195 1550 a
232 1501 379 1549 Iunio
418 1501 575 1549 multa
611 1499 768 1564 petita
804 1505 878 1547 est
913 1498 1050 1547 nulla
1085 1505 1249 1562 potest
1286 1515 1345 1547 ex
1382 1505 1522 1563 parte
1558 1515 1662 1548 esse

167 1583 439 1631 coniuncta.

80 1668 144 1721 97
235 1665 306 1713 At
348 1665 478 1712 enim
521 1664 670 1712 etiam
712 1662 900 1710 Bulbus
942 1667 1017 1711 est
1058 1662 1426 1710 condemnatus.
1518 1661 1662 1710 Adde

168 1747 453 1805 maiestatis,
492 1752 549 1793 ut
587 1744 844 1809 intellegas
881 1744 973 1792 hoc
1015 1743 1250 1792 iudicium
1289 1760 1398 1791 cum
1437 1743 1522 1791 illo
1563 1760 1662 1792 non

170 1845 273 1878 esse
315 1828 646 1876 coniunctum.
718 1827 790 1873 At
828 1831 903 1874 est
940 1825 1031 1873 hoc
1069 1825 1140 1872 illi
1181 1825 1362 1872 crimen
1401 1825 1657 1874 obiectum.
1687 1847 1740 1875 20

169 1910 360 1969 Fateor,
403 1908 490 1956 sed
528 1908 679 1956 etiam
717 1907 961 1970 legionem
1003 1923 1106 1954 esse
1149 1907 1210 1954 ab
1253 1922 1310 1954 eo
1352 1905 1663 1954 sollicitatam

170 1992 222 2039 in
272 1990 472 2054 Illyrico
521 1989 573 2038 O.
625 1988 835 2038 Cosconi
884 1987 1062 2035 litteris
1111 1993 1161 2035 et
1209 1987 1479 2035 multorum
1530 1987 1666 2035 testi-

170 2072 347 2121 moniis
389 2071 593 2134 planum
634 2070 819 2118 factum
862 2074 949 2126 est,
995 2068 1128 2132 quod
1177 2068 1358 2116 crimen
1407 2074 1513 2116 erat
1559 2085 1663 2132 pro-

171 2154 332 2218 prium
374 2151 506 2200 illius
548 2150 850 2215 quaestionis
889 2156 938 2197 et
976 2165 1100 2213 quae
1142 2166 1217 2197 res
1254 2149 1360 2213 lege
1395 2150 1664 2198 maiestatis

171 2235 445 2284 tenebatur.
543 2235 612 2281 At
659 2233 750 2281 hoc
797 2231 957 2280 obfuit
1004 2231 1046 2278 ei
1094 2230 1321 2278 maxime.
1417 2230 1524 2278 Iam
1570 2231 1666 2279 ista
1688 2250 1738 2292 25

172 2316 415 2365 divinatio
445 2320 544 2375 est,
579 2331 676 2378 qua
701 2314 739 2361 si
764 2313 839 2362 uti
870 2313 997 2371 licet,
1026 2312 1140 2360 vide
1164 2328 1225 2359 ne
1250 2328 1359 2359 mea
1387 2313 1665 2360 coniectura

171 2397 329 2446 multo
371 2397 436 2444 sit
476 2395 649 2444 verior.
724 2395 828 2458 Ego
871 2394 1002 2442 enim
1050 2393 1117 2441 sic
1165 2393 1390 2452 arbitror,
1431 2392 1660 2452 Bulbum,

173 2478 305 2543 quod
340 2478 488 2527 homo
524 2493 748 2540 nequam,
777 2477 948 2539 turpis,
978 2474 1244 2537 improbUS,
1271 2474 1441 2522 multis
1466 2474 1665 2538 flagitiis

173 2560 534 2609 contaminatus
559 2559 608 2606 in
636 2557 872 2606 iudicium
899 2556 964 2604 sit
989 2555 1244 2616 adductus,
1271 2555 1452 2604 idcirco
1477 2555 1664 2603 facilius

370 2746 407 2786 6.
440 2744 564 2793 ullus,
588 2755 663 2783 s'r:
694 2756 775 2782 om.
803 2758 844 2782 ω.
909 2743 969 2781 18.
1005 2741 1065 2781 Ac
1086 2741 1210 2790 enim,
1235 2752 1309 2781 s‘r:
1340 2748 1399 2791 αι,
1423 2756 1466 2782 ω.
