1858 2956
610 106 743 157 PRO
777 106 842 156 Α.
885 106 1243 156 GLUENTIO.
1611 109 1673 156 89

175 251 428 307 acceptum
487 242 669 291 referre
727 240 1014 290 liberalitati
1074 257 1202 290 suae.
1278 241 1448 290 Primo
1495 241 1675 290 debere

175 324 375 387 negavit
393 343 406 385 3
443 329 555 387 post
579 323 684 371 sine
710 322 1045 371 controversia
1071 322 1232 371 solvit.
1308 321 1396 371 Cei
1421 321 1675 370 cuiusdam

176 404 413 453 Samnitis
447 420 651 452 uxorem
685 413 799 467 post
828 403 1013 452 bellum
1045 403 1106 452 ab
1136 403 1228 452 hoc
1262 419 1366 451 esse
1396 403 1672 466 repetitam.

174 485 437 535 Mulierem
464 502 574 534 cum
602 485 802 533 emisset
827 501 856 533 a
880 485 1167 544 sectoribuS,
1196 500 1295 548 quo
1322 490 1543 548 tempore
1569 501 1676 532 eam

126 582 149 626 5
174 567 387 630 primum
427 566 635 615 liberam
674 582 777 614 esse
825 565 1032 626 audivit,
1078 565 1184 614 sine
1226 565 1409 614 iudicio
1456 564 1678 614 reddidit

175 647 308 698 Ceio.
381 647 600 696 Ennium
660 663 764 695 esse
817 646 1065 710 quendam
1125 646 1263 695 cuius
1322 646 1452 695 bona
1510 652 1679 695 teneat
1703 646 1802 698 163

175 728 405 777 Habitus,
481 728 572 776 Est
595 727 675 776 hic
704 728 896 776 Ennius
930 744 1078 793 egens
1103 727 1305 792 quidam
1336 727 1674 787 calumniator,

174 809 539 858 mercennarius
564 808 839 873 Oppianici,
863 809 949 873 qui
974 809 1248 873 permultos
1273 825 1429 857 annos
1455 808 1647 872 quievit
1666 827 1679 870 3

174 890 354 939 deinde
380 890 648 954 aliquando
674 907 785 938 cum
810 890 966 939 servis
998 890 1174 939 Habiti
1198 889 1322 938 furti
1347 890 1480 954 egit3
1521 906 1680 954 nuper

103 995 151 1024 10
174 972 235 1020 ab
259 972 367 1036 ipso
393 971 582 1020 Habito
606 976 775 1035 petere
799 972 976 1035 coepit.
1041 971 1137 1019 Hic
1156 971 1242 1019 illo
1261 971 1457 1035 privato
1482 971 1679 1034 iudicio,

173 1053 297 1101 mihi
318 1053 520 1112 credite,
543 1053 681 1102 vobis
707 1052 865 1102 isdem
890 1053 1097 1102 fortasse
1122 1053 1358 1117 patronis,
1383 1052 1680 1102 calumniam

173 1151 273 1183 non
322 1135 536 1199 effugiet.
610 1134 779 1198 Atque
827 1134 991 1194 etiam,
1043 1141 1100 1182 ut
1146 1134 1289 1183 nobis
1348 1135 1676 1193 renuntiatur,

174 1215 426 1264 hominem
467 1215 740 1264 multorum
775 1215 1039 1279 hospitem,
1080 1215 1370 1264 Ambivium
1414 1216 1676 1280 quendam,

174 1313 413 1361 coponem
438 1296 499 1346 de
524 1297 607 1345 via
630 1296 823 1356 Latina,
847 1297 1145 1356 subornatis,
1165 1298 1250 1361 qui
1275 1297 1370 1346 sibi
1395 1314 1424 1346 a
1449 1297 1680 1347 Cluentio

101 1397 149 1442 15
173 1377 428 1441 servisque
453 1378 558 1426 eius
583 1378 636 1426 in
656 1379 864 1427 taberna
882 1395 971 1427 sua
989 1395 1164 1426 manus
1190 1378 1382 1427 adlatas
1407 1395 1512 1427 esse
1532 1378 1677 1429 dicat.

175 1459 284 1520 Quo
327 1459 389 1507 de
431 1459 633 1508 homine
675 1459 802 1507 nihil
845 1460 995 1509 etiam
1043 1477 1173 1508 nunc
1216 1460 1380 1509 dicere
1421 1460 1564 1509 nobis
1607 1466 1682 1508 est

174 1557 401 1590 necesse:
454 1541 495 1589 si
537 1541 843 1602 invitaverit,
882 1541 936 1590 id
972 1541 1105 1605 quod
1143 1541 1280 1602 solet,
1321 1542 1389 1590 sic
1429 1542 1681 1591 hominem

173 1622 467 1686 accipiemus
492 1628 549 1671 ut
573 1622 782 1672 moleste
807 1623 933 1671 ferat
958 1640 1008 1671 se
1034 1623 1095 1672 de
1121 1623 1202 1671 via
1226 1623 1503 1673 decessisse.

241 1703 466 1764 Habetis,
495 1703 696 1764 iudices,
726 1721 852 1768 quae
876 1705 928 1752 in
955 1710 1117 1753 totam
1142 1721 1340 1753 causam
1366 1705 1428 1754 de
1461 1706 1682 1754 moribus
1706 1719 1805 1771 164

98 1805 150 1834 20
172 1784 232 1832 A.
274 1784 487 1845 Cluenti,
527 1802 676 1849 quem
714 1785 788 1834 illi
826 1785 1128 1834 invidiosum
1168 1803 1272 1835 esse
1311 1803 1449 1835 reum
1488 1786 1676 1847 volunt,

175 1883 330 1915 annos
367 1873 477 1915 octo
514 1866 745 1915 meditati
789 1874 1097 1916 accusatores
1146 1867 1481 1932 collegerunt:
1532 1885 1682 1932 quam

173 1946 302 1996 levia
354 1964 534 2012 genere
593 1948 731 2012 ipso!
792 1965 942 2012 quam
989 1948 1114 1997 falsa
1160 1953 1243 1998 re!
1303 1966 1450 2013 quam
1512 1949 1683 1998 brevia

173 2045 410 2092 responsu
431 2033 440 2078 1
512 2029 618 2078 LX.
659 2029 955 2094 Cognoscite
980 2046 1113 2078 nunc
1137 2030 1189 2078 id
1215 2030 1348 2094 quod
1373 2030 1436 2079 ad
1461 2036 1680 2079 vestrum

172 2109 249 2158 ius
282 2109 548 2158 iurandum
580 2111 814 2174 pertinet,
849 2110 985 2175 quod
1021 2111 1174 2159 vestri
1211 2111 1382 2159 iudicii
1419 2117 1508 2170 est,
1547 2111 1679 2175 quod

98 2207 148 2250 25
173 2191 312 2239 vobis
360 2191 523 2239 oneris
561 2191 800 2255 imposuit
848 2209 905 2240 ea
950 2191 1032 2241 lex
1081 2209 1178 2256 qua
1226 2187 1382 2240 coacti
1428 2192 1525 2241 huc
1573 2209 1682 2241 con-

172 2273 392 2332 venistis,
427 2272 487 2321 de
521 2273 813 2322 criminibus
844 2274 1021 2322 veneni
1040 2293 1052 2335 ;
1088 2280 1147 2322 ut
1186 2290 1355 2322 omnes
1388 2273 1682 2338 intellegant

174 2370 322 2417 quam
358 2355 527 2417 paucis
563 2354 727 2403 verbis
764 2354 884 2403 haec
920 2371 1066 2404 causa
1100 2356 1321 2419 perorari
1358 2355 1590 2419 potuerit,
1631 2362 1682 2404 et

229 2571 264 2610 1.
290 2570 447 2620 debere,
465 2583 536 2611 ST:
557 2571 710 2621 deberi,
728 2584 848 2613 FMW.
901 2573 939 2614 9.
965 2572 1108 2621 servis,
1125 2584 1196 2613 ST:
1219 2585 1348 2621 servo,
1366 2588 1407 2613 ω.
1463 2574 1525 2613 11.
1550 2573 1677 2622 vobis,

0 2631 1 2687 l
174 2642 287 2677 most
301 2638 424 2679 codd.
437 2655 445 2678 :
468 2653 493 2678 a
507 2639 590 2679 few
604 2640 714 2680 have
728 2640 844 2680 nobis
855 2642 920 2689 (so
928 2640 1124 2693 Madvig,
1140 2641 1332 2690 Mulier).
1383 2642 1445 2680 13.
1461 2641 1676 2692 hospitem,

0 2724 2 2800 ἱ
174 2717 236 2755 ST,
261 2706 353 2747 cod.
380 2707 421 2748 S.
448 2707 587 2748 vict:
619 2708 842 2759 hospitum,
867 2724 908 2749 ω.
973 2709 1035 2750 19.
1061 2722 1249 2759 causam,
1273 2721 1348 2749 ST:
1381 2709 1525 2759 vitam,
1551 2725 1593 2751 ω.

0 2822 2 2857 Ι
