1858 2956
629 112 760 162 PRO
796 112 860 162 A.
903 111 1262 162 CLUENTIO.
1608 114 1687 161 ,91

191 248 336 309 Quod
379 254 543 296 autem
586 252 782 311 tempus
820 246 999 295 veneni
1042 246 1197 294 dandi
1233 246 1317 295 illo
1353 246 1447 306 die,
1482 246 1568 295 illa
1604 246 1691 294 fre-

190 330 426 394 quential
467 345 555 393 per
595 344 743 392 quem
788 343 933 392 porro
976 327 1188 376 datum?
1231 327 1363 376 unde
1405 329 1691 391 sumptuml

190 427 314 474 quae
353 409 531 459 deinde
573 409 867 473 interceptio
906 409 1105 473 poculi?
1143 426 1229 457 cur
1265 425 1364 458 non
1401 408 1462 457 de
1499 408 1692 473 integro

191 498 355 540 autem
395 491 599 539 datum‘l
669 489 835 539 Multa
873 497 991 538 sunt
1032 507 1158 554 quae
1198 490 1295 538 dici
1343 497 1564 554 possunt,
1606 489 1692 539 sed

143 591 166 635 5
191 589 289 622 non
348 573 658 622 committam
716 578 773 620 ut
832 571 1003 620 videar
1062 589 1162 620 non
1220 571 1431 621 dicendo
1479 571 1692 621 voluisse

190 654 382 715 dicere,
418 670 495 703 res
532 654 662 702 enim
700 652 800 701 iam
836 669 886 701 se
923 653 1031 717 ipsa
1066 652 1306 702 defendit.
1379 653 1522 718 Nego
1551 653 1691 701 illum
1717 653 1816 706 168

190 734 570 795 adulescentem,
616 750 763 798 quem
811 735 982 783 statim
1025 740 1174 799 epoto
1223 733 1399 799 poculo
1441 741 1693 783 mortuum

190 832 294 865 esse
333 815 544 874 dixistis,
585 815 788 864 omnino
826 815 912 864 illo
951 815 1031 864 die
1071 832 1175 864 esse
1214 822 1482 865 mortuum.
1557 816 1693 880 Mag-

189 914 309 946 num
350 897 535 946 crimen
578 904 629 946 et
674 897 940 961 impudens
986 897 1329 946 mendacium!
1419 897 1693 962 Perspicite

118 1003 169 1033 10
190 984 360 1028 cetera.
435 978 561 1027 Dico
598 976 751 1039 illum,
780 995 890 1027 cum
929 978 993 1027 ad
1029 978 1153 1026 illud
1191 978 1455 1042 prandium
1495 979 1694 1028 crudior

189 1060 406 1109 venisset
447 1065 509 1120 et,
554 1068 612 1109 ut
654 1067 790 1108 aetas
831 1059 917 1108 illa
958 1060 1067 1119 fert,
1101 1060 1195 1108 sibi
1238 1066 1348 1108 tum
1390 1077 1490 1109 non
1526 1077 1692 1125 peper-

190 1142 348 1200 cisset,
388 1141 578 1205 aliquot
615 1142 720 1190 dies
760 1147 1039 1206 aegrotasse
1078 1148 1130 1191 et
1166 1142 1238 1190 ita
1276 1158 1382 1191 esse
1420 1149 1688 1192 mortuum.

191 1222 311 1284 Quis
335 1223 449 1272 huic
473 1223 545 1271 rei
570 1223 713 1271 testis
739 1225 850 1272 est?
920 1223 1061 1272 Idem
1097 1223 1182 1287 qui
1218 1223 1292 1272 sui
1330 1223 1506 1283 luctus,
1532 1230 1688 1288 pater,

190 1311 411 1369 —pater,
455 1305 671 1368 inquam,
717 1305 850 1353 illius
893 1305 1252 1367 adulescentis3
1301 1322 1447 1369 quem
1490 1315 1693 1371 propter

118 1406 164 1449 15
190 1386 341 1434 animi
388 1385 610 1435 dolorem
657 1387 912 1450 pertenuis
960 1387 1173 1450 suspicio
1216 1388 1461 1451 potuisset
1502 1405 1564 1436 ex
1606 1389 1692 1438 illo

190 1466 295 1516 loco
327 1473 506 1516 testem
535 1468 588 1515 in
618 1469 674 1516 A.
703 1467 991 1517 Cluentium
1024 1468 1337 1530 constituere,
1366 1470 1408 1517 is
1439 1469 1570 1519 hunc
1603 1487 1692 1519 suo

189 1549 474 1597 testimonio
517 1548 772 1610 sublevat3
828 1549 960 1613 quod
1002 1549 1167 1598 recita.
1255 1550 1331 1598 Tu
1374 1559 1572 1610 autem,·
1595 1552 1692 1600 nisi

186 1630 452 1679 molestum
478 1636 564 1690 est,
584 1630 833 1694 paulisper
857 1647 1066 1696 exsurge
1085 1649 1097 1691 3
1126 1631 1289 1695 perfer
1313 1631 1445 1680 hunc
1470 1632 1690 1682 dolorem

189 1711 669 1760 commemorationis
704 1712 1017 1772 necessariae,
1045 1712 1098 1760 in
1124 1729 1222 1776 qua
1254 1730 1343 1777 ego
1369 1713 1558 1763 diutius
1592 1731 1691 1764 non

113 1814 166 1844 20
189 1792 427 1853 morabor,
457 1793 706 1856 quoniam,
734 1793 866 1857 quod
892 1793 990 1841 fuit
1013 1793 1106 1841 viri
1133 1794 1324 1858 optimi,
1352 1795 1513 1844 fecisti
1542 1802 1601 1844 ut
1628 1814 1690 1846 ne

190 1874 266 1923 cui
314 1875 567 1923 innocenti
614 1891 807 1923 maeror
855 1880 972 1923 tuus
1031 1875 1363 1925 calamitatem
1414 1883 1465 1926 et
1511 1878 1691 1927 falsum

189 1955 372 2004 crimen
398 1955 628 2004 adferret.

255 2035 388 2084 LXI.
417 2036 592 2085 Unum
616 2037 766 2086 etiam
791 2036 914 2085 mihi
939 2037 1187 2101 reliquum
1213 2039 1317 2087 eius
1342 2039 1478 2088 modi
1504 2041 1690 2090 crimen
1716 2048 1814 2101 169

189 2125 277 2177 est,
299 2117 498 2179 iudiceS,
521 2134 583 2166 ex
608 2135 706 2182 quo
732 2118 855 2167 illud
879 2119 1155 2183 perspicere
1181 2121 1380 2183 possitis
1400 2121 1534 2190 quod
1559 2140 1587 2170 a
1612 2139 1690 2172 me

114 2220 164 2262 25
190 2199 333 2247 initio
369 2199 607 2247 orationis
644 2216 780 2248 meae
816 2199 1007 2248 dictum
1044 2207 1147 2250 est:
1186 2202 1424 2266 quicquid
1455 2203 1571 2251 mali
1605 2221 1692 2268 per

189 2280 334 2329 hosce
371 2298 525 2329 annos
551 2282 610 2330 A.
641 2281 902 2331 Cluentius
939 2282 1136 2340 viderit,
1167 2283 1406 2347 quicquid
1443 2284 1534 2334 hoc
1571 2291 1689 2334 tem-

189 2378 306 2426 pore
335 2362 517 2411 habeat
541 2362 889 2411 sollicitudinis
914 2381 968 2412 ac
998 2364 1198 2428 negotii,
1228 2364 1279 2412 id
1310 2382 1454 2414 omne
1479 2383 1507 2414 a
1531 2373 1689 2416 matre

245 2462 279 2501 1.
300 2460 378 2502 illa
387 2460 649 2512 frequentia,
670 2472 719 2501 s'r
737 2477 745 2502 :
776 2461 822 2501 in
842 2461 919 2502 illa
928 2462 1193 2514 frequentia,
1214 2478 1243 2502 ω
1265 2463 1372 2513 (also
1393 2463 1542 2512 Quint.
1569 2465 1626 2505 ix.
1647 2467 1684 2506 3.

188 2526 271 2575 37).
332 2527 369 2566 3.
404 2525 568 2575 deinde,
604 2525 755 2566 codd.:
793 2539 940 2577 porro,
975 2527 1126 2576 Quint.
1162 2527 1228 2567 Z.c.
1291 2529 1327 2568 6.
1363 2528 1464 2577 iam,
1504 2542 1585 2569 om.
1623 2541 1684 2570 ST.

189 2591 272 2643 (cp.
297 2591 411 2640 §90).
464 2591 502 2630 9.
527 2592 695 2640 crimen,
714 2601 763 2631 ST
774 2589 843 2630 b22
875 2604 956 2631 om.
984 2606 1013 2630 ω
1033 2591 1236 2644 (perhaps
1251 2591 1450 2644 rightly).
1501 2595 1561 2633 11.
1583 2600 1686 2644 cum,

189 2654 335 2695 codd.:
384 2661 537 2701 tamen,
579 2668 695 2694 some
733 2654 830 2695 edd.
906 2655 972 2699 27.
1015 2655 1179 2705 habeat,
1223 2667 1357 2697 FMW:
1408 2657 1566 2707 habuit,
1612 2669 1688 2700 ST:

189 2718 394 2768 habuerit,
419 2719 563 2760 Klotz,
