<?xml version="1.0" encoding="UTF-8"?>
<!DOCTYPE html PUBLIC "-//W3C//DTD XHTML 1.0 Transitional//EN"
    "http://www.w3.org/TR/xhtml1/DTD/xhtml1-transitional.dtd">
<html xmlns="http://www.w3.org/1999/xhtml" xml:lang="en" lang="en">
 <head>
  <title>
</title>
<meta http-equiv="Content-Type" content="text/html;charset=utf-8" />
  <meta name='ocr-system' content='tesseract 3.04.00' />
  <meta name='ocr-capabilities' content='ocr_page ocr_carea ocr_par ocr_line ocrx_word'/>
</head>
<body>
  <div class='ocr_page' id='page_1' title='image "./proacluentioorat00ciceuoft/proacluentioorat00ciceuoft_0100.png"; bbox 0 0 1820 2956; ppageno 0'>
   <div class='ocr_carea' id='block_1_1' title="bbox 145 140 1202 195">
    <p class='ocr_par' dir='ltr' id='par_1_1' title="bbox 145 140 1202 195">
     <span class='ocr_line' id='line_1_1' title="bbox 145 140 1202 195; baseline 0.005 -5"><span class='ocrx_word' id='word_1_1' title='bbox 145 140 208 190; x_wconf 89' lang='lat'>40</span> <span class='ocrx_word' id='word_1_2' title='bbox 582 140 711 193; x_wconf 81' lang='lat' dir='ltr'>PRO</span> <span class='ocrx_word' id='word_1_3' title='bbox 748 143 811 194; x_wconf 83' lang='lat' dir='ltr'>A.</span> <span class='ocrx_word' id='word_1_4' title='bbox 857 144 933 194; x_wconf 82' lang='lat' dir='ltr'>CL</span> <span class='ocrx_word' id='word_1_5' title='bbox 947 142 1202 195; x_wconf 79' lang='lat' dir='ltr'><em>UENTIO</em></span> 
     </span>
    </p>
   </div>
   <div class='ocr_carea' id='block_1_2' title="bbox 140 278 1638 343">
    <p class='ocr_par' dir='ltr' id='par_1_2' title="bbox 140 278 1638 343">
     <span class='ocr_line' id='line_1_2' title="bbox 140 278 1638 343; baseline 0.004 -19"><span class='ocrx_word' id='word_1_6' title='bbox 140 292 216 324; x_wconf 92' lang='lat' dir='ltr'>res</span> <span class='ocrx_word' id='word_1_7' title='bbox 241 293 398 341; x_wconf 91' lang='lat' dir='ltr'>neque</span> <span class='ocrx_word' id='word_1_8' title='bbox 438 283 540 325; x_wconf 89' lang='lat' dir='ltr'>tam</span> <span class='ocrx_word' id='word_1_9' title='bbox 579 278 742 326; x_wconf 89' lang='lat' dir='ltr'>fuerat</span> <span class='ocrx_word' id='word_1_10' title='bbox 779 279 970 327; x_wconf 90' lang='lat' dir='ltr'>occulta</span> <span class='ocrx_word' id='word_1_11' title='bbox 1005 296 1154 343; x_wconf 87' lang='lat' dir='ltr'>quam</span> <span class='ocrx_word' id='word_1_12' title='bbox 1193 285 1299 328; x_wconf 84' lang='lat' dir='ltr'>erat</span> <span class='ocrx_word' id='word_1_13' title='bbox 1334 281 1638 342; x_wconf 88' lang='lat' dir='ltr'>occultanda,</span> 
     </span>
    </p>
   </div>
   <div class='ocr_carea' id='block_1_3' title="bbox 139 361 1642 498">
    <p class='ocr_par' dir='ltr' id='par_1_3' title="bbox 139 361 1642 498">
     <span class='ocr_line' id='line_1_3' title="bbox 139 361 1642 424; baseline 0.003 -19"><span class='ocrx_word' id='word_1_14' title='bbox 139 373 300 421; x_wconf 87' lang='lat' dir='ltr'>neque</span> <span class='ocrx_word' id='word_1_15' title='bbox 348 364 450 406; x_wconf 91' lang='lat' dir='ltr'>tam</span> <span class='ocrx_word' id='word_1_16' title='bbox 498 365 604 406; x_wconf 88' lang='lat' dir='ltr'>erat</span> <span class='ocrx_word' id='word_1_17' title='bbox 651 365 824 423; x_wconf 88' lang='lat' dir='ltr'>aperta</span> <span class='ocrx_word' id='word_1_18' title='bbox 875 376 1024 423; x_wconf 90' lang='lat' dir='ltr'>quam</span> <span class='ocrx_word' id='word_1_19' title='bbox 1083 361 1154 409; x_wconf 89' lang='lat' dir='ltr'>rei</span> <span class='ocrx_word' id='word_1_20' title='bbox 1213 361 1438 424; x_wconf 89' lang='lat' dir='ltr'>publicae</span> <span class='ocrx_word' id='word_1_21' title='bbox 1497 379 1642 411; x_wconf 87' lang='lat' dir='ltr'>causa</span> 
     </span>
     <span class='ocr_line' id='line_1_4' title="bbox 140 435 1641 498; baseline 0.003 -16"><span class='ocrx_word' id='word_1_22' title='bbox 140 435 416 498; x_wconf 87' lang='lat' dir='ltr'>aperienda.</span> <span class='ocrx_word' id='word_1_23' title='bbox 491 435 551 483; x_wconf 90' lang='lat' dir='ltr'>In</span> <span class='ocrx_word' id='word_1_24' title='bbox 577 453 634 484; x_wconf 88' lang='lat' dir='ltr'>ea</span> <span class='ocrx_word' id='word_1_25' title='bbox 658 437 958 486; x_wconf 72' lang='lat' dir='ltr'>obscuritate</span> <span class='ocrx_word' id='word_1_26' title='bbox 995 455 1049 486; x_wconf 88' lang='lat' dir='ltr'>ac</span> <span class='ocrx_word' id='word_1_27' title='bbox 1082 438 1394 487; x_wconf 75' lang='lat' dir='ltr'>dubitatione</span> <span class='ocrx_word' id='word_1_28' title='bbox 1420 439 1641 487; x_wconf 90' lang='lat' dir='ltr'>omnium</span> 
     </span>
    </p>
   </div>
   <div class='ocr_carea' id='block_1_4' title="bbox 47 515 1719 2613">
    <p class='ocr_par' dir='ltr' id='par_1_4' title="bbox 47 515 1719 2613">
     <span class='ocr_line' id='line_1_5' title="bbox 140 515 1643 583; baseline 0.003 -20"><span class='ocrx_word' id='word_1_29' title='bbox 140 515 402 576; x_wconf 83' lang='lat' dir='ltr'>Cannutio,</span> <span class='ocrx_word' id='word_1_30' title='bbox 452 517 614 580; x_wconf 89' lang='lat' dir='ltr'>perito</span> <span class='ocrx_word' id='word_1_31' title='bbox 672 517 876 575; x_wconf 92' lang='lat' dir='ltr'>homini,</span> <span class='ocrx_word' id='word_1_32' title='bbox 927 519 1012 582; x_wconf 90' lang='lat' dir='ltr'>qui</span> <span class='ocrx_word' id='word_1_33' title='bbox 1071 519 1287 583; x_wconf 92' lang='lat' dir='ltr'>quodam</span> <span class='ocrx_word' id='word_1_34' title='bbox 1346 519 1495 568; x_wconf 88' lang='lat' dir='ltr'>odore</span> <span class='ocrx_word' id='word_1_35' title='bbox 1542 537 1643 568; x_wconf 88' lang='lat' dir='ltr'>sus-</span> 
     </span>
     <span class='ocr_line' id='line_1_6' title="bbox 138 596 1716 664; baseline 0.003 -19"><span class='ocrx_word' id='word_1_36' title='bbox 138 596 347 660; x_wconf 90' lang='lat' dir='ltr'>picionis</span> <span class='ocrx_word' id='word_1_37' title='bbox 366 597 626 647; x_wconf 82' lang='lat' dir='ltr'>Staienum</span> <span class='ocrx_word' id='word_1_38' title='bbox 645 605 934 662; x_wconf 88' lang='lat' dir='ltr'>corruptum</span> <span class='ocrx_word' id='word_1_39' title='bbox 960 616 1065 648; x_wconf 88' lang='lat' dir='ltr'>esse</span> <span class='ocrx_word' id='word_1_40' title='bbox 1086 601 1319 649; x_wconf 83' lang='lat' dir='ltr'>sensisset</span> <span class='ocrx_word' id='word_1_41' title='bbox 1337 617 1498 664; x_wconf 85' lang='lat' dir='ltr'>neque</span> <span class='ocrx_word' id='word_1_42' title='bbox 1522 600 1641 649; x_wconf 90' lang='lat' dir='ltr'>dum</span> <span class='ocrx_word' id='word_1_43' title='bbox 1693 619 1716 663; x_wconf 84' lang='lat'><strong>5</strong></span> 
     </span>
     <span class='ocr_line' id='line_1_7' title="bbox 138 679 1640 746; baseline 0.003 -20"><span class='ocrx_word' id='word_1_44' title='bbox 138 694 243 727; x_wconf 91' lang='lat' dir='ltr'>rem</span> <span class='ocrx_word' id='word_1_45' title='bbox 280 679 547 742; x_wconf 85' lang='lat' dir='ltr'>perfectam</span> <span class='ocrx_word' id='word_1_46' title='bbox 587 679 926 741; x_wconf 84' lang='lat' dir='ltr'>arbitraretur,</span> <span class='ocrx_word' id='word_1_47' title='bbox 962 681 1150 744; x_wconf 86' lang='lat' dir='ltr'>placuit</span> <span class='ocrx_word' id='word_1_48' title='bbox 1187 688 1390 745; x_wconf 88' lang='lat' dir='ltr'>repente</span> <span class='ocrx_word' id='word_1_49' title='bbox 1429 698 1640 746; x_wconf 90' lang='lat' dir='ltr'>pronun-</span> 
     </span>
     <span class='ocr_line' id='line_1_8' title="bbox 138 759 1642 827; baseline 0.003 -20"><span class='ocrx_word' id='word_1_50' title='bbox 138 759 255 808; x_wconf 90' lang='lat' dir='ltr'>tiari</span> <span class='ocrx_word' id='word_1_51' title='bbox 293 772 590 810; x_wconf 74' lang='lat' dir='ltr'>DIXERUNT.</span> <span class='ocrx_word' id='word_1_52' title='bbox 682 760 778 809; x_wconf 93' lang='lat' dir='ltr'>Hic</span> <span class='ocrx_word' id='word_1_53' title='bbox 820 767 929 810; x_wconf 91' lang='lat' dir='ltr'>tum</span> <span class='ocrx_word' id='word_1_54' title='bbox 973 761 1275 825; x_wconf 89' lang='lat' dir='ltr'>Oppianicus</span> <span class='ocrx_word' id='word_1_55' title='bbox 1316 779 1416 811; x_wconf 90' lang='lat' dir='ltr'>non</span> <span class='ocrx_word' id='word_1_56' title='bbox 1463 780 1642 827; x_wconf 87' lang='lat' dir='ltr'>magno</span> 
     </span>
     <span class='ocr_line' id='line_1_9' title="bbox 139 842 1643 907; baseline 0.003 -18"><span class='ocrx_word' id='word_1_57' title='bbox 139 857 284 905; x_wconf 91' lang='lat' dir='ltr'>opere</span> <span class='ocrx_word' id='word_1_58' title='bbox 342 842 630 905; x_wconf 73' lang='lat' dir='ltr'>pertimuit,</span> <span class='ocrx_word' id='word_1_59' title='bbox 702 859 806 890; x_wconf 90' lang='lat' dir='ltr'>rem</span> <span class='ocrx_word' id='word_1_60' title='bbox 865 860 893 891; x_wconf 92' lang='lat' dir='ltr'>a</span> <span class='ocrx_word' id='word_1_61' title='bbox 950 842 1155 892; x_wconf 86' lang='lat' dir='ltr'>Staieno</span> <span class='ocrx_word' id='word_1_62' title='bbox 1213 844 1480 907; x_wconf 86' lang='lat' dir='ltr'>perfectam</span> <span class='ocrx_word' id='word_1_63' title='bbox 1539 861 1643 894; x_wconf 88' lang='lat' dir='ltr'>esse</span> 
     </span>
     <span class='ocr_line' id='line_1_10' title="bbox 49 917 1643 975; baseline 0.003 -5"><span class='ocrx_word' id='word_1_64' title='bbox 49 917 117 969; x_wconf 84' lang='grc'>74</span> <span class='ocrx_word' id='word_1_65' title='bbox 138 922 486 972; x_wconf 89' lang='lat' dir='ltr'>arbitrabatur.</span> <span class='ocrx_word' id='word_1_66' title='bbox 597 923 658 971; x_wconf 93' lang='lat' dir='ltr'>In</span> <span class='ocrx_word' id='word_1_67' title='bbox 717 923 979 972; x_wconf 90' lang='lat' dir='ltr'>consilium</span> <span class='ocrx_word' id='word_1_68' title='bbox 1050 931 1193 973; x_wconf 90' lang='lat' dir='ltr'>erant</span> <span class='ocrx_word' id='word_1_69' title='bbox 1262 925 1383 974; x_wconf 91' lang='lat' dir='ltr'>ituri</span> <span class='ocrx_word' id='word_1_70' title='bbox 1457 926 1643 975; x_wconf 86' lang='lat' dir='ltr'>iudices</span> 
     </span>
     <span class='ocr_line' id='line_1_11' title="bbox 139 1004 1719 1071; baseline 0.004 -20"><span class='ocrx_word' id='word_1_71' title='bbox 139 1016 303 1052; x_wconf 86' lang='lat' dir='ltr'>XXXII</span> <span class='ocrx_word' id='word_1_72' title='bbox 320 1023 334 1065; x_wconf 79' lang='lat'>3</span> <span class='ocrx_word' id='word_1_73' title='bbox 404 1004 665 1053; x_wconf 87' lang='lat' dir='ltr'>sententiis</span> <span class='ocrx_word' id='word_1_74' title='bbox 724 1018 822 1054; x_wconf 89' lang='lat' dir='ltr'>XVI</span> <span class='ocrx_word' id='word_1_75' title='bbox 881 1005 1128 1054; x_wconf 88' lang='lat' dir='ltr'>absolutio</span> <span class='ocrx_word' id='word_1_76' title='bbox 1187 1007 1359 1055; x_wconf 88' lang='lat' dir='ltr'>confici</span> <span class='ocrx_word' id='word_1_77' title='bbox 1417 1013 1644 1071; x_wconf 88' lang='lat' dir='ltr'>poterat;</span> <span class='ocrx_word' id='word_1_78' title='bbox 1671 1029 1719 1058; x_wconf 92' lang='lat'>10</span> 
     </span>
     <span class='ocr_line' id='line_1_12' title="bbox 139 1085 1644 1151; baseline 0.003 -18"><span class='ocrx_word' id='word_1_79' title='bbox 139 1085 456 1150; x_wconf 85' lang='lat' dir='ltr'>quadragena</span> <span class='ocrx_word' id='word_1_80' title='bbox 517 1086 652 1135; x_wconf 91' lang='lat' dir='ltr'>milia</span> <span class='ocrx_word' id='word_1_81' title='bbox 713 1103 974 1135; x_wconf 90' lang='lat' dir='ltr'>nummum</span> <span class='ocrx_word' id='word_1_82' title='bbox 1035 1087 1088 1135; x_wconf 93' lang='lat' dir='ltr'>in</span> <span class='ocrx_word' id='word_1_83' title='bbox 1162 1087 1381 1151; x_wconf 87' lang='lat' dir='ltr'>singulos</span> <span class='ocrx_word' id='word_1_84' title='bbox 1457 1088 1644 1137; x_wconf 89' lang='lat' dir='ltr'>iudices</span> 
     </span>
     <span class='ocr_line' id='line_1_13' title="bbox 138 1163 1644 1219; baseline 0.003 -5"><span class='ocrx_word' id='word_1_85' title='bbox 138 1166 408 1215; x_wconf 87' lang='lat' dir='ltr'>distributa</span> <span class='ocrx_word' id='word_1_86' title='bbox 477 1183 591 1215; x_wconf 91' lang='lat' dir='ltr'>eum</span> <span class='ocrx_word' id='word_1_87' title='bbox 661 1163 923 1216; x_wconf 87' lang='lat' dir='ltr'>numerum</span> <span class='ocrx_word' id='word_1_88' title='bbox 989 1169 1348 1217; x_wconf 89' lang='lat' dir='ltr'>sententiarum</span> <span class='ocrx_word' id='word_1_89' title='bbox 1407 1170 1644 1219; x_wconf 89' lang='lat' dir='ltr'>conficere</span> 
     </span>
     <span class='ocr_line' id='line_1_14' title="bbox 138 1246 1644 1315; baseline 0.002 -19"><span class='ocrx_word' id='word_1_90' title='bbox 138 1246 402 1308; x_wconf 87' lang='lat' dir='ltr'>debebant,</span> <span class='ocrx_word' id='word_1_91' title='bbox 437 1254 494 1296; x_wconf 93' lang='lat' dir='ltr'>ut</span> <span class='ocrx_word' id='word_1_92' title='bbox 530 1248 592 1296; x_wconf 91' lang='lat' dir='ltr'>ad</span> <span class='ocrx_word' id='word_1_93' title='bbox 626 1249 877 1297; x_wconf 89' lang='lat' dir='ltr'>cumulum</span> <span class='ocrx_word' id='word_1_94' title='bbox 914 1266 998 1313; x_wconf 91' lang='lat' dir='ltr'>spe</span> <span class='ocrx_word' id='word_1_95' title='bbox 1035 1250 1279 1298; x_wconf 89' lang='lat' dir='ltr'>maiorum</span> <span class='ocrx_word' id='word_1_96' title='bbox 1312 1251 1644 1315; x_wconf 89' lang='lat' dir='ltr'>praemiorum</span> 
     </span>
     <span class='ocr_line' id='line_1_15' title="bbox 137 1329 1639 1395; baseline 0.003 -18"><span class='ocrx_word' id='word_1_97' title='bbox 137 1329 292 1394; x_wconf 91' lang='lat' dir='ltr'>ipsius</span> <span class='ocrx_word' id='word_1_98' title='bbox 340 1329 528 1379; x_wconf 83' lang='lat' dir='ltr'>Staieni</span> <span class='ocrx_word' id='word_1_99' title='bbox 576 1330 824 1379; x_wconf 88' lang='lat' dir='ltr'>sententia</span> <span class='ocrx_word' id='word_1_100' title='bbox 869 1331 1082 1395; x_wconf 87' lang='lat' dir='ltr'>septima</span> <span class='ocrx_word' id='word_1_101' title='bbox 1129 1331 1319 1380; x_wconf 90' lang='lat' dir='ltr'>decima</span> <span class='ocrx_word' id='word_1_102' title='bbox 1376 1332 1639 1382; x_wconf 88' lang='lat' dir='ltr'>accederet.</span> 
     </span>
     <span class='ocr_line' id='line_1_16' title="bbox 137 1411 1717 1477; baseline 0.003 -18"><span class='ocrx_word' id='word_1_103' title='bbox 137 1411 307 1475; x_wconf 89' lang='lat' dir='ltr'>Atque</span> <span class='ocrx_word' id='word_1_104' title='bbox 366 1411 515 1461; x_wconf 89' lang='lat' dir='ltr'>etiam</span> <span class='ocrx_word' id='word_1_105' title='bbox 575 1428 689 1461; x_wconf 91' lang='lat' dir='ltr'>casu</span> <span class='ocrx_word' id='word_1_106' title='bbox 749 1418 870 1474; x_wconf 89' lang='lat' dir='ltr'>tum,</span> <span class='ocrx_word' id='word_1_107' title='bbox 922 1412 1052 1476; x_wconf 92' lang='lat' dir='ltr'>quod</span> <span class='ocrx_word' id='word_1_108' title='bbox 1113 1413 1239 1462; x_wconf 91' lang='lat' dir='ltr'>illud</span> <span class='ocrx_word' id='word_1_109' title='bbox 1286 1420 1490 1477; x_wconf 92' lang='lat' dir='ltr'>repente</span> <span class='ocrx_word' id='word_1_110' title='bbox 1538 1421 1644 1463; x_wconf 90' lang='lat' dir='ltr'>erat</span> <span class='ocrx_word' id='word_1_111' title='bbox 1671 1432 1717 1475; x_wconf 86' lang='lat'>15</span> 
     </span>
     <span class='ocr_line' id='line_1_17' title="bbox 138 1493 1642 1558; baseline 0.003 -17"><span class='ocrx_word' id='word_1_112' title='bbox 138 1493 336 1552; x_wconf 87' lang='lat' dir='ltr'>factum,</span> <span class='ocrx_word' id='word_1_113' title='bbox 388 1493 621 1542; x_wconf 86' lang='lat' dir='ltr'>Staienus</span> <span class='ocrx_word' id='word_1_114' title='bbox 669 1493 774 1558; x_wconf 90' lang='lat' dir='ltr'>ipse</span> <span class='ocrx_word' id='word_1_115' title='bbox 823 1511 923 1543; x_wconf 92' lang='lat' dir='ltr'>non</span> <span class='ocrx_word' id='word_1_116' title='bbox 971 1494 1144 1544; x_wconf 91' lang='lat' dir='ltr'>aderat</span> <span class='ocrx_word' id='word_1_117' title='bbox 1161 1514 1174 1556; x_wconf 79' lang='lat'><em>3</em></span> <span class='ocrx_word' id='word_1_118' title='bbox 1234 1512 1432 1544; x_wconf 89' lang='lat' dir='ltr'>causam</span> <span class='ocrx_word' id='word_1_119' title='bbox 1478 1497 1642 1545; x_wconf 90' lang='lat' dir='ltr'>nescio</span> 
     </span>
     <span class='ocr_line' id='line_1_18' title="bbox 138 1575 1642 1639; baseline 0.003 -16"><span class='ocrx_word' id='word_1_120' title='bbox 138 1591 288 1639; x_wconf 85' lang='lat' dir='ltr'>quam</span> <span class='ocrx_word' id='word_1_121' title='bbox 313 1575 444 1639; x_wconf 87' lang='lat' dir='ltr'>apud</span> <span class='ocrx_word' id='word_1_122' title='bbox 468 1575 682 1624; x_wconf 88' lang='lat' dir='ltr'>iudicem</span> <span class='ocrx_word' id='word_1_123' title='bbox 721 1575 1033 1626; x_wconf 89' lang='lat' dir='ltr'>defendebat.</span> <span class='ocrx_word' id='word_1_124' title='bbox 1106 1577 1272 1626; x_wconf 87' lang='lat' dir='ltr'>Facile</span> <span class='ocrx_word' id='word_1_125' title='bbox 1307 1577 1399 1626; x_wconf 93' lang='lat' dir='ltr'>hoc</span> <span class='ocrx_word' id='word_1_126' title='bbox 1425 1578 1642 1628; x_wconf 89' lang='lat' dir='ltr'>Habitus</span> 
     </span>
     <span class='ocr_line' id='line_1_19' title="bbox 137 1657 1642 1724; baseline 0.003 -20"><span class='ocrx_word' id='word_1_127' title='bbox 137 1657 435 1721; x_wconf 89' lang='lat' dir='ltr'>patiebatur,</span> <span class='ocrx_word' id='word_1_128' title='bbox 495 1657 638 1706; x_wconf 86' lang='lat' dir='ltr'>facile</span> <span class='ocrx_word' id='word_1_129' title='bbox 698 1658 992 1716; x_wconf 54' lang='lat' dir='ltr'>Cannutius</span> <span class='ocrx_word' id='word_1_130' title='bbox 1057 1664 1108 1707; x_wconf 89' lang='lat' dir='ltr'>at</span> <span class='ocrx_word' id='word_1_131' title='bbox 1166 1675 1266 1707; x_wconf 90' lang='lat' dir='ltr'>non</span> <span class='ocrx_word' id='word_1_132' title='bbox 1336 1659 1642 1724; x_wconf 87' lang='lat' dir='ltr'>Oppianicus</span> 
     </span>
     <span class='ocr_line' id='line_1_20' title="bbox 137 1738 1642 1804; baseline 0.003 -18"><span class='ocrx_word' id='word_1_133' title='bbox 137 1755 296 1803; x_wconf 86' lang='lat' dir='ltr'>neque</span> <span class='ocrx_word' id='word_1_134' title='bbox 344 1743 582 1803; x_wconf 87' lang='lat' dir='ltr'>patronus</span> <span class='ocrx_word' id='word_1_135' title='bbox 629 1738 734 1787; x_wconf 89' lang='lat' dir='ltr'>eius</span> <span class='ocrx_word' id='word_1_136' title='bbox 783 1739 837 1788; x_wconf 90' lang='lat' dir='ltr'>L.</span> <span class='ocrx_word' id='word_1_137' title='bbox 884 1739 1146 1800; x_wconf 77' lang='lat' dir='ltr'>Quinctius</span> <span class='ocrx_word' id='word_1_138' title='bbox 1162 1758 1176 1801; x_wconf 84' lang='lat'><em>3</em></span> <span class='ocrx_word' id='word_1_139' title='bbox 1230 1741 1314 1804; x_wconf 93' lang='lat' dir='ltr'>qui</span> <span class='ocrx_word' id='word_1_140' title='bbox 1362 1758 1473 1790; x_wconf 91' lang='lat' dir='ltr'>cum</span> <span class='ocrx_word' id='word_1_141' title='bbox 1514 1748 1642 1791; x_wconf 89' lang='lat' dir='ltr'>esset</span> 
     </span>
     <span class='ocr_line' id='line_1_21' title="bbox 137 1819 1718 1884; baseline 0.003 -17"><span class='ocrx_word' id='word_1_142' title='bbox 137 1819 223 1868; x_wconf 89' lang='lat' dir='ltr'>illo</span> <span class='ocrx_word' id='word_1_143' title='bbox 269 1824 492 1883; x_wconf 91' lang='lat' dir='ltr'>tempore</span> <span class='ocrx_word' id='word_1_144' title='bbox 551 1820 781 1868; x_wconf 90' lang='lat' dir='ltr'>tribunus</span> <span class='ocrx_word' id='word_1_145' title='bbox 839 1820 1012 1884; x_wconf 91' lang='lat' dir='ltr'>plebis,</span> <span class='ocrx_word' id='word_1_146' title='bbox 1065 1822 1342 1870; x_wconf 89' lang='lat' dir='ltr'>convicium</span> <span class='ocrx_word' id='word_1_147' title='bbox 1391 1822 1444 1872; x_wconf 84' lang='lat' dir='ltr'>C.</span> <span class='ocrx_word' id='word_1_148' title='bbox 1496 1823 1640 1873; x_wconf 91' lang='lat' dir='ltr'>Iunio</span> <span class='ocrx_word' id='word_1_149' title='bbox 1665 1843 1718 1872; x_wconf 93' lang='lat'>20</span> 
     </span>
     <span class='ocr_line' id='line_1_22' title="bbox 137 1900 1640 1964; baseline 0.003 -16"><span class='ocrx_word' id='word_1_150' title='bbox 137 1900 288 1949; x_wconf 92' lang='lat' dir='ltr'>iudici</span> <span class='ocrx_word' id='word_1_151' title='bbox 331 1900 633 1964; x_wconf 84' lang='lat' dir='ltr'>quaestionis</span> <span class='ocrx_word' id='word_1_152' title='bbox 669 1902 944 1950; x_wconf 85' lang='lat' dir='ltr'>maximum</span> <span class='ocrx_word' id='word_1_153' title='bbox 983 1902 1102 1951; x_wconf 89' lang='lat' dir='ltr'>fecit</span> <span class='ocrx_word' id='word_1_154' title='bbox 1141 1909 1197 1951; x_wconf 85' lang='lat' dir='ltr'>ut·</span> <span class='ocrx_word' id='word_1_155' title='bbox 1234 1919 1297 1952; x_wconf 91' lang='lat' dir='ltr'>ne</span> <span class='ocrx_word' id='word_1_156' title='bbox 1336 1903 1441 1953; x_wconf 90' lang='lat' dir='ltr'>sine</span> <span class='ocrx_word' id='word_1_157' title='bbox 1478 1904 1564 1954; x_wconf 91' lang='lat' dir='ltr'>illo</span> <span class='ocrx_word' id='word_1_158' title='bbox 1588 1905 1640 1953; x_wconf 91' lang='lat' dir='ltr'>in</span> 
     </span>
     <span class='ocr_line' id='line_1_23' title="bbox 138 1982 1641 2048; baseline 0.003 -17"><span class='ocrx_word' id='word_1_159' title='bbox 138 1982 397 2031; x_wconf 83' lang='lat' dir='ltr'>consilium</span> <span class='ocrx_word' id='word_1_160' title='bbox 439 1982 626 2043; x_wconf 67' lang='lat' dir='ltr'>iretur,</span> <span class='ocrx_word' id='word_1_161' title='bbox 679 1999 889 2047; x_wconf 91' lang='lat' dir='ltr'>cumque</span> <span class='ocrx_word' id='word_1_162' title='bbox 930 1983 983 2032; x_wconf 91' lang='lat' dir='ltr'>id</span> <span class='ocrx_word' id='word_1_163' title='bbox 1033 1984 1078 2033; x_wconf 90' lang='lat' dir='ltr'>ei</span> <span class='ocrx_word' id='word_1_164' title='bbox 1130 2001 1216 2048; x_wconf 91' lang='lat' dir='ltr'>per</span> <span class='ocrx_word' id='word_1_165' title='bbox 1264 1986 1480 2034; x_wconf 87' lang='lat' dir='ltr'>viatores</span> <span class='ocrx_word' id='word_1_166' title='bbox 1530 2003 1641 2035; x_wconf 87' lang='lat' dir='ltr'>con-</span> 
     </span>
     <span class='ocr_line' id='line_1_24' title="bbox 138 2063 1639 2130; baseline 0.003 -19"><span class='ocrx_word' id='word_1_167' title='bbox 138 2063 267 2112; x_wconf 89' lang='lat' dir='ltr'>sulto</span> <span class='ocrx_word' id='word_1_168' title='bbox 292 2063 634 2128; x_wconf 85' lang='lat' dir='ltr'>neglegentius</span> <span class='ocrx_word' id='word_1_169' title='bbox 659 2064 738 2129; x_wconf 85' lang='lat' dir='ltr'>agi</span> <span class='ocrx_word' id='word_1_170' title='bbox 763 2064 1030 2125; x_wconf 87' lang='lat' dir='ltr'>videretur,</span> <span class='ocrx_word' id='word_1_171' title='bbox 1052 2065 1157 2129; x_wconf 90' lang='lat' dir='ltr'>ipse</span> <span class='ocrx_word' id='word_1_172' title='bbox 1182 2083 1207 2114; x_wconf 92' lang='lat' dir='ltr'>e</span> <span class='ocrx_word' id='word_1_173' title='bbox 1231 2067 1430 2130; x_wconf 89' lang='lat' dir='ltr'>publico</span> <span class='ocrx_word' id='word_1_174' title='bbox 1455 2067 1639 2117; x_wconf 87' lang='lat' dir='ltr'>iudicio</span> 
     </span>
     <span class='ocr_line' id='line_1_25' title="bbox 138 2144 1638 2210; baseline 0.002 -16"><span class='ocrx_word' id='word_1_175' title='bbox 138 2145 200 2194; x_wconf 89' lang='lat' dir='ltr'>ad</span> <span class='ocrx_word' id='word_1_176' title='bbox 235 2144 486 2209; x_wconf 90' lang='lat' dir='ltr'>privatum</span> <span class='ocrx_word' id='word_1_177' title='bbox 523 2144 712 2193; x_wconf 88' lang='lat' dir='ltr'>Staieni</span> <span class='ocrx_word' id='word_1_178' title='bbox 753 2145 991 2194; x_wconf 90' lang='lat' dir='ltr'>iudicium</span> <span class='ocrx_word' id='word_1_179' title='bbox 1029 2147 1280 2210; x_wconf 89' lang='lat' dir='ltr'>profectus</span> <span class='ocrx_word' id='word_1_180' title='bbox 1319 2153 1394 2196; x_wconf 90' lang='lat' dir='ltr'>est</span> <span class='ocrx_word' id='word_1_181' title='bbox 1429 2153 1480 2196; x_wconf 91' lang='lat' dir='ltr'>et</span> <span class='ocrx_word' id='word_1_182' title='bbox 1514 2148 1638 2197; x_wconf 90' lang='lat' dir='ltr'>illud</span> 
     </span>
     <span class='ocr_line' id='line_1_26' title="bbox 138 2225 1712 2294; baseline 0.005 -21"><span class='ocrx_word' id='word_1_183' title='bbox 138 2242 226 2290; x_wconf 85' lang='lat' dir='ltr'>pro</span> <span class='ocrx_word' id='word_1_184' title='bbox 284 2231 531 2289; x_wconf 88' lang='lat' dir='ltr'>potestate</span> <span class='ocrx_word' id='word_1_185' title='bbox 589 2225 778 2274; x_wconf 87' lang='lat' dir='ltr'>dimitti</span> <span class='ocrx_word' id='word_1_186' title='bbox 837 2226 1012 2288; x_wconf 88' lang='lat' dir='ltr'>iussit;</span> <span class='ocrx_word' id='word_1_187' title='bbox 1086 2227 1346 2277; x_wconf 89' lang='lat' dir='ltr'>Staienum</span> <span class='ocrx_word' id='word_1_188' title='bbox 1404 2229 1510 2292; x_wconf 90' lang='lat' dir='ltr'>ipse</span> <span class='ocrx_word' id='word_1_189' title='bbox 1573 2231 1636 2279; x_wconf 91' lang='lat' dir='ltr'>ad</span> <span class='ocrx_word' id='word_1_190' title='bbox 1661 2250 1712 2294; x_wconf 83' lang='lat'>25</span> 
     </span>
     <span class='ocr_line' id='line_1_27' title="bbox 47 2307 1637 2373; baseline 0.004 -18"><span class='ocrx_word' id='word_1_191' title='bbox 47 2309 114 2363; x_wconf 85' lang='grc'>’75</span> <span class='ocrx_word' id='word_1_192' title='bbox 137 2307 367 2356; x_wconf 90' lang='lat' dir='ltr'>subsellia</span> <span class='ocrx_word' id='word_1_193' title='bbox 414 2307 639 2356; x_wconf 86' lang='lat' dir='ltr'>adduxit.</span> <span class='ocrx_word' id='word_1_194' title='bbox 731 2307 1062 2373; x_wconf 84' lang='lat' dir='ltr'>Consurgitur</span> <span class='ocrx_word' id='word_1_195' title='bbox 1107 2309 1160 2357; x_wconf 91' lang='lat' dir='ltr'>in</span> <span class='ocrx_word' id='word_1_196' title='bbox 1208 2310 1480 2371; x_wconf 90' lang='lat' dir='ltr'>consilium,</span> <span class='ocrx_word' id='word_1_197' title='bbox 1526 2328 1637 2361; x_wconf 92' lang='lat' dir='ltr'>cum</span> 
     </span>
     <span class='ocr_line' id='line_1_28' title="bbox 137 2388 1636 2456; baseline 0.003 -19"><span class='ocrx_word' id='word_1_198' title='bbox 137 2388 407 2438; x_wconf 89' lang='lat' dir='ltr'>sententias</span> <span class='ocrx_word' id='word_1_199' title='bbox 445 2388 760 2452; x_wconf 85' lang='lat' dir='ltr'>Oppianicus,</span> <span class='ocrx_word' id='word_1_200' title='bbox 789 2405 915 2453; x_wconf 86' lang='lat' dir='ltr'>quae</span> <span class='ocrx_word' id='word_1_201' title='bbox 948 2395 1057 2438; x_wconf 93' lang='lat' dir='ltr'>tum</span> <span class='ocrx_word' id='word_1_202' title='bbox 1082 2398 1187 2439; x_wconf 89' lang='lat' dir='ltr'>erat</span> <span class='ocrx_word' id='word_1_203' title='bbox 1211 2397 1445 2454; x_wconf 88' lang='lat' dir='ltr'>potestas,</span> <span class='ocrx_word' id='word_1_204' title='bbox 1473 2392 1636 2456; x_wconf 88' lang='lat' dir='ltr'>palam</span> 
     </span>
     <span class='ocr_line' id='line_1_29' title="bbox 135 2469 1634 2538; baseline 0.004 -21"><span class='ocrx_word' id='word_1_205' title='bbox 135 2469 253 2518; x_wconf 88' lang='lat' dir='ltr'>ferri</span> <span class='ocrx_word' id='word_1_206' title='bbox 300 2469 427 2518; x_wconf 88' lang='lat' dir='ltr'>velle</span> <span class='ocrx_word' id='word_1_207' title='bbox 475 2469 698 2529; x_wconf 85' lang='lat' dir='ltr'>dixisset,</span> <span class='ocrx_word' id='word_1_208' title='bbox 748 2476 804 2518; x_wconf 94' lang='lat' dir='ltr'>ut</span> <span class='ocrx_word' id='word_1_209' title='bbox 853 2469 1084 2520; x_wconf 89' lang='lat' dir='ltr'>Staienus</span> <span class='ocrx_word' id='word_1_210' title='bbox 1132 2471 1255 2520; x_wconf 89' lang='lat' dir='ltr'>scire</span> <span class='ocrx_word' id='word_1_211' title='bbox 1301 2479 1468 2536; x_wconf 87' lang='lat' dir='ltr'>posset</span> <span class='ocrx_word' id='word_1_212' title='bbox 1514 2475 1634 2538; x_wconf 92' lang='lat' dir='ltr'>quid</span> 
     </span>
     <span class='ocr_line' id='line_1_30' title="bbox 136 2546 1634 2613; baseline 0.003 -18"><span class='ocrx_word' id='word_1_213' title='bbox 136 2547 311 2610; x_wconf 90' lang='lat' dir='ltr'>cuique</span> <span class='ocrx_word' id='word_1_214' title='bbox 348 2546 625 2596; x_wconf 89' lang='lat' dir='ltr'>deberetur.</span> <span class='ocrx_word' id='word_1_215' title='bbox 702 2547 854 2596; x_wconf 86' lang='lat' dir='ltr'>Varia</span> <span class='ocrx_word' id='word_1_216' title='bbox 878 2547 1097 2596; x_wconf 90' lang='lat' dir='ltr'>iudicum</span> <span class='ocrx_word' id='word_1_217' title='bbox 1122 2565 1333 2613; x_wconf 83' lang='lat' dir='ltr'>genera:</span> <span class='ocrx_word' id='word_1_218' title='bbox 1370 2552 1634 2600; x_wconf 88' lang='lat' dir='ltr'>nummarii</span> 
     </span>
    </p>
   </div>
   <div class='ocr_carea' id='block_1_5' title="bbox 134 2680 1630 2796">
    <p class='ocr_par' dir='ltr' id='par_1_5' title="bbox 134 2680 1630 2796">
     <span class='ocr_line' id='line_1_31' title="bbox 189 2680 1630 2734; baseline 0.004 -14"><span class='ocrx_word' id='word_1_219' title='bbox 189 2682 226 2721; x_wconf 89' lang='lat'>6.</span> <span class='ocrx_word' id='word_1_220' title='bbox 247 2681 545 2732; x_wconf 76' lang='lat' dir='ltr'>pronuntiare,</span> <span class='ocrx_word' id='word_1_221' title='bbox 562 2684 676 2720; x_wconf 85' lang='lat' dir='ltr'>most</span> <span class='ocrx_word' id='word_1_222' title='bbox 697 2680 820 2722; x_wconf 90' lang='lat' dir='ltr'>codd.</span> <span class='ocrx_word' id='word_1_223' title='bbox 840 2683 927 2731; x_wconf 88' lang='lat' dir='ltr'>(see</span> <span class='ocrx_word' id='word_1_224' title='bbox 947 2695 1003 2722; x_wconf 91' lang='lat' dir='ltr'>on</span> <span class='ocrx_word' id='word_1_225' title='bbox 1023 2682 1202 2727; x_wconf 74' lang='lat' dir='ltr'>reticeri.</span> <span class='ocrx_word' id='word_1_226' title='bbox 1219 2686 1240 2732; x_wconf 67' lang='grc' dir='ltr'>ἓ</span> <span class='ocrx_word' id='word_1_227' title='bbox 1263 2686 1342 2734; x_wconf 88' lang='grc'>18).</span> <span class='ocrx_word' id='word_1_228' title='bbox 1394 2685 1459 2725; x_wconf 83' lang='grc'>21.</span> <span class='ocrx_word' id='word_1_229' title='bbox 1484 2684 1570 2734; x_wconf 74' lang='lat' dir='ltr'>illo,</span> <span class='ocrx_word' id='word_1_230' title='bbox 1587 2697 1630 2726; x_wconf 87' lang='lat' dir='ltr'>P:</span> 
     </span>
     <span class='ocr_line' id='line_1_32' title="bbox 134 2744 1384 2796; baseline 0.002 -11"><span class='ocrx_word' id='word_1_231' title='bbox 134 2744 274 2794; x_wconf 82' lang='lat' dir='ltr'>Aelio,</span> <span class='ocrx_word' id='word_1_232' title='bbox 297 2757 348 2786; x_wconf 72' lang='lat' dir='ltr'>&#39;rt</span> <span class='ocrx_word' id='word_1_233' title='bbox 379 2745 564 2795; x_wconf 77' lang='lat' dir='ltr'>Staieno,</span> <span class='ocrx_word' id='word_1_234' title='bbox 590 2761 631 2786; x_wconf 89' lang='grc' dir='ltr'>ω.</span> <span class='ocrx_word' id='word_1_235' title='bbox 693 2746 759 2786; x_wconf 84' lang='grc'>29.</span> <span class='ocrx_word' id='word_1_236' title='bbox 784 2746 1012 2796; x_wconf 75' lang='lat' dir='ltr'>deberetur,</span> <span class='ocrx_word' id='word_1_237' title='bbox 1037 2762 1091 2788; x_wconf 78' lang='lat' dir='ltr'>w:</span> <span class='ocrx_word' id='word_1_238' title='bbox 1122 2747 1298 2796; x_wconf 72' lang='lat' dir='ltr'>deberet,</span> <span class='ocrx_word' id='word_1_239' title='bbox 1323 2759 1384 2788; x_wconf 75' lang='grc' dir='ltr'>ΒΤ.</span> 
     </span>
    </p>
   </div>
  </div>
 </body>
</html>
