1820 2956
582 112 708 163 PRO
744 112 809 162 A.
852 112 929 162 CL
942 111 1212 161 UENTIO.
1580 112 1641 159 49

141 254 214 298 est
247 248 603 298 condemnatus
639 264 748 296 cum
786 252 915 296 esset
949 245 1102 295 iudex
1139 245 1452 310 quaestionis.
1526 244 1642 294 Non

140 330 288 379 modo
336 346 522 389 causae,
574 328 660 378 sed
707 344 769 376 ne
817 328 913 392 legi
974 327 1175 392 quidem
1235 327 1498 391 quicquam
1557 343 1643 389 per

140 411 397 459 tribunum
434 409 590 474 plebis
627 409 898 457 laxamenti
936 408 1107 457 datum
1146 414 1248 457 est:
1287 424 1385 472 quo
1422 412 1642 471 tempore

139 492 278 540 illum
326 509 355 540 a
402 490 690 556 quaestione
738 490 800 539 ad
848 490 1041 539 nullum
1095 489 1230 538 aliud
1288 489 1360 538 rei
1418 489 1642 553 publicae

93 584 115 628 5
140 589 319 621 munus
362 570 540 621 abduci
581 570 775 630 licebat,
821 588 879 620 eo
920 577 1143 635 tempore
1191 570 1254 619 ad
1302 570 1642 634 quaestionem

140 654 243 718 ipse
284 654 519 716 abreptus
561 657 650 701 est.
724 653 794 700 At
830 652 894 701 ad
930 669 1078 716 quam
1118 652 1492 716 quaestionem'l
1542 650 1644 700 vul-

140 740 221 784 tus
259 735 392 783 enim
433 733 601 794 vestri,
643 733 844 792 iudices,
884 750 963 782 me
1006 733 1226 782 invitant
1270 739 1325 782 ut
1366 749 1490 796 quae
1532 732 1643 781 reti-

140 817 294 866 cenda
330 822 556 881 putaram
594 815 747 864 libeat
781 816 880 864 iam
916 815 1070 864 libere
1106 815 1280 863 dicere.
1356 813 1523 875 Quid?
1560 814 1644 862 illa
1667 808 1734 861 90

140 898 343 948 tandem
381 898 605 962 quaestio
643 903 731 946 aut
769 897 1063 962 disceptatio
1103 903 1191 945 aut
1231 896 1471 945 iudicium
1512 895 1643 944 fuiti

69 993 117 1022 10
139 979 333 1028 Putabo
368 979 533 1028 fuisse.
606 978 754 1027 Dicat
789 979 873 1042 qui
910 978 1020 1027 vult
1055 978 1205 1027 hodie
1243 977 1304 1026 de
1339 977 1424 1026 illo
1459 977 1644 1042 populo

140 1062 398 1121 concitatO,
444 1061 522 1110 cui
562 1066 671 1109 tum
711 1060 897 1124 populo
939 1077 1046 1108 mos
1093 1065 1261 1124 gestus
1309 1065 1395 1120 est,
1439 1076 1537 1124 qua
1583 1059 1645 1108 de

139 1161 191 1193 re
234 1143 408 1192 Iunius
451 1159 645 1192 causam
693 1141 906 1191 dixerit:
969 1158 1331 1206 quemcumque
1378 1141 1640 1205 rogaveris,

141 1225 232 1274 hoc
270 1224 603 1289 respondebit,
639 1223 772 1288 quod
812 1224 1072 1288 pecuniam
1111 1223 1365 1287 acceperit,
1405 1223 1538 1287 quod
1575 1223 1646 1271 in-

139 1313 401 1356 nocentem
449 1305 842 1355 circumvenerit.
917 1305 1009 1353 Est
1055 1304 1175 1353 haec
1223 1304 1404 1369 opinio,
1478 1303 1562 1361 At,
1603 1303 1644 1351 si

69 1397 115 1440 Ι5
140 1390 211 1437 ita
242 1394 384 1449 esset,
411 1387 503 1437 hac
538 1387 646 1453 1686
683 1392 966 1436 accusatum
999 1386 1221 1450 oportuit
1257 1403 1354 1450 qua
1390 1391 1646 1434 accusatur

145 1471 374 1520 Habitus.
449 1469 521 1519 At
562 1470 667 1534 ipse
709 1486 766 1518 ea
806 1469 913 1533 1686
949 1468 1233 1533 quaerebat.
1307 1467 1499 1516 Paucos
1540 1467 1645 1516 dies

140 1557 472 1617 exspectasset
508 1551 784 1613 Quinctius.
855 1550 927 1599 At
961 1566 1124 1614 neque
1160 1550 1384 1614 privatus
1421 1565 1646 1598 accusare

139 1650 229 1683 nec
267 1633 438 1683 sedata
474 1633 573 1681 iam
612 1632 803 1681 invidia
838 1631 1049 1680 volebat.
1122 1630 1320 1680 Videtis
1357 1630 1512 1695 igitur
1545 1648 1645 1679 non

140 1717 193 1764 in
231 1732 389 1775 causa,
427 1714 511 1763 sed
546 1715 600 1762 in
636 1719 859 1778 tempore
897 1730 951 1761 ac
988 1718 1236 1777 potestate
1274 1729 1412 1775 spem
1449 1729 1644 1762 omnem

65 1814 117 1842 20
143 1797 437 1846 accusatoris
496 1796 659 1845 fuisse.
757 1794 971 1843 Multam
1030 1794 1223 1858 petivit.
1330 1793 1438 1855 Qua
1495 1794 1602 1859 1686
1631 1796 1735 1848 291

144 1879 288 1941 Quod
331 1879 383 1927 in
424 1879 584 1943 legem
625 1894 726 1926 non
767 1878 991 1936 iurasset,
1031 1893 1155 1940 quae
1197 1893 1274 1926 res
1316 1877 1503 1925 nemini
1544 1894 1648 1925 um-

143 1978 289 2025 quam
315 1960 479 2008 fraudi
502 1959 612 2019 fuit,
642 1965 692 2008 et
721 1958 855 2023 quod
882 1957 933 2007 G.
964 1957 1159 2017 Verres,
1189 1963 1389 2022 praetor
1412 1958 1644 2020 urbanus,

142 2042 289 2091 homo
327 2047 523 2090 sanctus
560 2046 611 2090 et
646 2040 871 2104 diligens,
913 2039 1322 2088 subsortitionem
1359 2039 1463 2088 eius
1501 2040 1553 2088 in
1589 2056 1647 2088 eo

143 2124 306 2173 codice
342 2140 442 2172 non
478 2123 686 2172 haberet
724 2122 811 2186 qui
849 2128 956 2170 tum
996 2121 1250 2170 interlitus
1287 2123 1644 2186 proferebatur.

69 2207 118 2251 25
143 2207 237 2255 His
279 2206 340 2255 de
387 2206 544 2254 causis
592 2204 645 2254 O.
691 2204 866 2253 Iunius
913 2204 1270 2253 condemnatus
1319 2211 1406 2261 cst,
1445 2205 1644 2265 iudices,

142 2289 401 2337 levissimis
441 2293 491 2336 et
527 2286 891 2346 infirmissimis,
923 2302 1046 2350 quas
1082 2286 1285 2335 omnino
1320 2286 1373 2334 in
1410 2286 1648 2335 iudicium

145 2370 325 2419 adferri
350 2386 449 2418 non
474 2368 727 2433 oportuit;
761 2368 931 2431 itaque
962 2384 1228 2431 oppressus
1258 2373 1334 2415 est
1362 2385 1462 2416 non
1488 2385 1645 2427 causa,

145 2451 231 2501 sed
267 2457 499 2515 tempore.
581 2449 824 2498 XXXIV.
866 2449 977 2498 Hoc
1013 2466 1102 2497 vos
1139 2448 1373 2498 Cluentio
1410 2449 1649 2498 iudicium
1673 2447 1740 2499 92

199 2587 238 2628 6.
272 2586 332 2626 At
352 2586 423 2634 ad,
450 2585 562 2637 conj.
587 2585 765 2625 Baiter:
797 2585 871 2634 ad,
895 2595 966 2625 ST:
999 2590 1058 2633 at,
1084 2599 1125 2625 ω.
1190 2585 1252 2623 11.
1279 2584 1348 2624 cui
1368 2589 1457 2624 tum
1473 2558 1645 2636 populo,

146 2662 221 2692 S'r:
266 2650 335 2691 cui
369 2656 469 2699 tum,
505 2665 535 2688 ω
566 2651 648 2702 (cp.
685 2652 706 2698 ξ
738 2649 821 2699 62).
887 2650 948 2689 15.
994 2654 1253 2696 accusatum,
1289 2660 1362 2688 s'r:
1406 2655 1652 2689 accusatum

140 2715 290 2766 fuisse,
314 2726 389 2755 ΡΜ.
456 2715 517 2754 18.
551 2713 656 2762 iam,
679 2727 762 2753 om.
788 2725 837 2753 ST
859 2715 942 2766 (cp.
967 2716 1011 2762 ἐξ
1035 2715 1100 2763 16,
1124 2713 1174 2752 21
1195 2728 1206 2761 ;
1243 2714 1332 2761 106,
1361 2715 1442 2765 ll).

885 2789 914 2820 D
