1858 2956
606 111 734 161 PRO
770 111 835 159 A.
879 109 1236 159 CLUENTIO.
1602 106 1660 154 71

167 261 430 325 Popilium,
460 260 592 325 quod
632 265 739 308 erat
778 258 999 307 libertini
1039 257 1183 317 filius,
1213 257 1263 304 in
1302 259 1529 303 senatum
1567 269 1665 300 non

167 343 300 406 legit,
328 342 486 392 locum
514 341 714 406 quidem
750 340 1049 388 senatorium
1089 338 1220 387 ludis
1257 343 1307 387 et
1343 342 1505 386 cetera
1529 351 1668 384 orna-

168 430 335 473 menta
391 423 640 487 relinquit,
693 427 743 470 et
790 438 902 470 eum
951 421 1084 469 omni
1133 418 1407 484 ignominia
1453 416 1663 476 liberat3

167 504 300 568 quod
348 521 459 553 cum
506 504 638 562 facit,
680 502 869 551 iudicat
916 503 1020 551 eius
1069 500 1319 550 sententia
1365 498 1519 563 gratis
1562 513 1665 545 esse

120 585 142 628 5
168 585 496 650 Oppianicum
544 584 940 634 condemnatum.
1037 584 1102 632 Et
1149 582 1364 631 eundem
1412 578 1665 643 Popilium

167 673 338 731 postea
378 665 620 715 Lentulus
663 665 714 713 in
758 665 972 713 ambitus
1020 664 1205 712 iudicio
1248 679 1337 726 pro
1379 661 1665 710 testimonio

166 748 545 813 diligentissime
592 746 776 795 laudat.
873 746 983 807 Qua
1029 762 1081 794 re
1130 745 1170 793 si
1219 760 1380 807 neque
1429 743 1482 790 L.
1534 741 1665 790 Gelli

166 829 348 878 iudicio
388 828 530 878 stetit
570 827 815 876 Lentulus
854 844 1013 890 neque
1053 825 1253 875 Lentuli
1294 823 1666 874 existimatione

166 917 428 960 contentus
464 910 563 958 fuit
598 909 804 970 Gellius,
833 914 884 957 et
919 908 962 956 si
998 914 1208 971 uterque
1245 923 1418 955 censor
1450 904 1666 954 censoris

96 996 144 1025 ¹0
166 992 399 1056 opinione
425 990 658 1039 standum
684 1007 784 1039 non
810 990 1022 1054 putavit,
1051 988 1172 1053 quid
1199 994 1275 1036 est
1300 1004 1448 1051 quam
1475 987 1538 1035 ob
1562 1003 1666 1035 rem

166 1074 426 1138 quisquam
485 1079 711 1121 nostrum
770 1071 1013 1121 censorias
1063 1069 1448 1134 subscriptiones
1496 1085 1666 1117 omnes

165 1157 288 1203 fixas
314 1161 364 1203 et
389 1155 440 1202 in
466 1161 762 1219 perpetuum
787 1160 918 1202 ratas
946 1159 1090 1217 putet
1115 1168 1220 1201 esse
1247 1157 1476 1215 oportere
1498 1152 1514 1199 ’Ξ

233 1235 469 1284 XLVIII.
509 1236 580 1283 At
616 1235 668 1283 in
704 1235 868 1298 ipsum
905 1234 1150 1283 Habitum
1189 1232 1664 1282 animadverterunt.
1691 1231 1789 1283 133

166 1317 368 1366 Nullam
407 1316 609 1381 quidem
652 1316 714 1365 ob
756 1316 1134 1380 turpitudinem,
1179 1314 1373 1363 nullum
1413 1314 1477 1362 ob
1514 1313 1667 1361 totius

94 1399 141 1443 15
167 1399 297 1447 vitae
322 1415 422 1447 non
449 1398 609 1446 dicam
631 1397 820 1457 vitium,
851 1396 936 1446 sed
957 1403 1175 1446 erratum
1193 1415 1206 1458 3
1243 1412 1403 1460 neque
1423 1395 1554 1443 enim
1574 1394 1666 1444 hoc

165 1480 363 1529 homine
412 1479 627 1529 sanctior
673 1496 834 1543 neque
881 1479 1084 1543 probior
1124 1495 1286 1543 neque
1333 1478 1386 1526 in
1435 1478 1666 1526 omnibus

165 1562 332 1611 officiis
379 1561 656 1611 retinendis
704 1561 992 1625 diligentior
1039 1578 1142 1610 esse
1185 1561 1447 1625 quisquam
1486 1566 1664 1624 potest.

164 1644 339 1708 Neque
377 1643 450 1692 illi
498 1643 643 1692 aliter
684 1643 871 1703 dicunt,
919 1643 1004 1692 sed
1047 1642 1252 1692 eandem
1302 1642 1438 1690 illam
1485 1643 1667 1690 famam

163 1726 333 1774 iudicii
370 1725 588 1790 corrupti
625 1725 781 1774 secuti
817 1731 964 1773 sunt:
1000 1741 1161 1788 neque
1197 1724 1291 1787 ipsi
1329 1740 1466 1772 secus
1502 1723 1667 1772 existi·

90 1807 141 1835 20
164 1815 303 1856 mant
328 1825 476 1872 quam
506 1824 596 1856 nos
627 1807 903 1856 existimari
933 1806 1163 1855 volumus
1193 1805 1254 1854 de
1284 1805 1431 1854 huius
1463 1805 1664 1870 pudore,

163 1890 464 1955 integritate,
494 1889 692 1950 virtute,
722 1889 809 1938 sed
842 1895 1084 1953 putarunt
1113 1888 1447 1952 praetermitti
1478 1905 1667 1937 accusa-

163 1978 323 2020 torem
381 1989 476 2020 non
539 1971 771 2036 potuisse,
823 1988 934 2019 cum
982 1970 1382 2019 animadversum
1431 1976 1558 2018 esset
1615 1970 1667 2018 in

163 2054 362 2103 iudices.
437 2053 546 2115 Qua
581 2053 642 2102 de
679 2070 730 2101 re
769 2052 916 2119 [tota]
956 2053 996 2101 si
1032 2069 1186 2100 unum
1221 2052 1408 2100 facturn
1438 2068 1500 2100 ex
1533 2052 1667 2100 omni

164 2136 462 2200 antiquitate
500 2135 766 2200 protulero,
804 2135 948 2199 plura
983 2151 1084 2183 non
1117 2134 1290 2182 dicam.
1382 2133 1497 2182 Non
1536 2134 1663 2182 enim
1693 2137 1787 2189 134

89 2209 139 2252 ²5
163 2217 288 2266 mihi
313 2217 596 2281 exemplum
630 2218 809 2265 summi
843 2223 892 2266 et
926 2216 1183 2265 clarissimi
1208 2216 1315 2276 viri,
1346 2216 1400 2267 P.
1427 2216 1664 2275 Africani,

165 2299 581 2364 praetereundum
624 2299 838 2360 videtur,
884 2299 970 2363 qui
1013 2316 1121 2347 cum
1162 2304 1290 2348 esset
1323 2315 1495 2347 censor
1531 2305 1581 2347 et
1615 2300 1666 2347 in

165 2381 389 2445 equitum
432 2397 581 2429 censu
622 2380 674 2430 G.
705 2380 927 2428 Licinius
965 2380 1202 2429 Sacerdos
1238 2379 1499 2444 prodisset,
1539 2380 1668 2429 clara

217 2576 254 2616 3.
289 2575 503 2627 relinquit,
524 2580 638 2616 most
651 2575 770 2615 edd.:
791 2575 977 2626 reliquit,
1002 2574 1126 2614 codd.
1148 2575 1400 2623 (Faussett).
1444 2575 1510 2616 20.
1529 2575 1667 2616 existi-

165 2640 293 2688 mari,
318 2652 392 2681 ST:
429 2640 685 2689 existimare,
711 2655 753 2680 ω.
814 2640 879 2680 22,
909 2639 1108 2690 potuisse,
1134 2639 1280 2679 eodd.:
1308 2653 1443 2690 posse,
1470 2640 1665 2694 Madvig,

165 2705 369 2745 Faussett
389 2721 400 2754 ;
438 2718 501 2757 cp.
530 2709 632 2744 note
653 2707 748 2753 0n§
773 2706 863 2753 153,
889 2705 926 2744 5.
987 2705 1053 2745 23.
1080 2710 1180 2752 tota,
1205 2703 1329 2744 codd.
1355 2709 1511 2757 except
1531 2717 1591 2747 ST.
