1858 2956
626 119 758 168 PRO
793 119 855 167 A.
901 118 980 168 GL
991 118 1260 168 UENTIO.
1628 120 1690 167 93

191 271 320 304 mors
363 254 569 303 attulit?
619 253 714 301 nisi
756 252 882 301 forte
924 253 1106 317 ineptis
1147 252 1326 301 fabulis
1368 252 1597 301 ducimur
1633 259 1690 302 ut

190 337 528 386 existimemus
586 335 726 383 illum
774 334 837 383 ad
884 334 1068 383 inferos
1127 334 1392 398 impiorum
1452 335 1690 398 suppl'cia

188 419 403 483 perferre
442 435 496 466 ac
534 416 699 481 plures
736 416 837 464 illic
876 416 1140 465 offendisse
1178 416 1403 465 inimicos
1434 351 1688 551 qualeln‘c

190 499 476 563 reliquisse:
513 515 543 547 a
577 514 757 558 socrus,
786 497 848 546 ab
883 514 1112 556 uxorum,
1141 514 1169 546 a
1204 498 1386 558 fratris,
1417 514 1445 546 a
1479 497 1576 546 libe
1642 515 1689 545 m

141 596 163 640 5
188 581 367 630 Poenis
391 587 555 629 actum
581 596 685 628 esse
709 579 1031 643 praecipitem
1056 579 1107 627 in
1135 579 1485 628 sceleratorum
1522 579 1691 629 sedem

187 679 241 711 ac
283 662 546 726 regionem.
620 660 756 721 Quae
790 661 830 709 si
865 660 989 709 falsa
1022 666 1152 721 sunt,
1180 660 1233 709 id
1263 660 1397 724 quod
1427 677 1597 710 omnes
1621 661 1690 709 in-

186 743 443 807 tellegunt,
465 741 587 806 quid
613 742 658 791 ei
683 741 884 790 tandem
910 758 1042 790 mors
1068 741 1252 806 eripuit
1276 747 1474 805 praeter
1491 758 1689 790 sensum

187 823 400 873 doloris?
484 824 594 888 Age
651 839 782 883 vero,
834 840 922 887 per
980 839 1128 886 quem
1174 838 1437 872 ·venenum
1485 821 1813 875 datum2172

187 922 273 970 per
309 906 376 954 M.
417 905 674 954 Asellium.
771 904 934 954 LXII.
985 904 1119 965 Quid
1162 904 1277 953 huic
1315 921 1428 953 cum
1466 904 1688 954 Habito‘l

114 1007 163 1036 10
187 988 324 1049 nihil,
354 994 503 1052 atque
540 987 678 1048 adeo,
706 987 842 1051 quod
878 987 961 1036 ille
998 987 1272 1051 Oppianico
1308 987 1689 1035 familiarissime

186 1076 261 1119 est
301 1087 432 1129 usus,
471 1070 638 1134 potius
680 1070 831 1118 etiam
873 1069 1112 1119 simultas,
1185 1069 1309 1118 Eine
1350 1069 1505 1133 igitur
1539 1085 1688 1133 quem

186 1151 279 1200 sibi
322 1152 646 1211 offensiorem,
693 1150 968 1215 Oppianico
1016 1150 1453 1199 familiarissimum
1505 1150 1690 1199 sciebat

186 1249 302 1293 esse,
331 1233 646 1296 potissimum
685 1239 736 1281 et
774 1231 932 1280 scelus
970 1249 1115 1280 suum
1155 1237 1206 1280 et
1242 1231 1375 1280 illius
1414 1231 1688 1296 periculum

186 1314 559 1362 committebat?
628 1313 731 1363 Cur
762 1313 917 1378 igitur
949 1319 1021 1372 tu,
1050 1313 1138 1376 qui
1162 1312 1349 1377 pietate
1375 1313 1438 1361 ad
1463 1329 1690 1362 accusan-

113 1409 159 1452 15
185 1391 304 1439 dum
339 1392 585 1440 excitatus
622 1408 685 1450 eS,
722 1390 853 1439 hunc
895 1390 1139 1439 Asellium
1181 1407 1285 1439 esse
1325 1390 1544 1439 inultum
1586 1397 1689 1439 tam

184 1472 271 1521 diu
296 1473 454 1521 sinis?
526 1472 628 1522 Cur
663 1490 762 1521 non
801 1472 978 1521 Habiti
1015 1471 1244 1536 exemplo
1278 1489 1397 1521 usus
1428 1489 1495 1531 es,
1520 1479 1578 1521 ut
1602 1489 1691 1536 per

184 1554 323 1602 illum
360 1553 445 1618 qui
476 1554 727 1602 attulisset
751 1570 999 1602 venenum
1025 1553 1086 1602 de
1111 1553 1203 1602 hoc
1235 1553 1690 1618 praeiudicaretur‘l

184 1634 291 1684 Iam
315 1652 431 1684 vero
454 1634 580 1683 illud
606 1652 756 1699 quam
781 1651 881 1684 non
906 1634 1174 1699 probabile,
1204 1651 1353 1698 quam
1377 1635 1686 1697 inusitatum,
1713 1634 1813 1688 173

183 1716 382 1776 iudices,
432 1733 581 1780 quam
638 1733 839 1776 novum,
889 1716 940 1764 in
999 1732 1127 1780 pane
1179 1716 1354 1764 datum
1411 1721 1687 1766 venenum!

108 1815 162 1844 20
184 1798 316 1846 Num
362 1798 513 1846 latius
561 1797 727 1862 potuit
775 1797 1002 1846 abditum
1051 1797 1218 1860 aliqua
1258 1798 1309 1845 in
1358 1804 1499 1861 parte
1546 1798 1688 1862 panis

184 1895 332 1943 quam
391 1879 431 1927 si
490 1885 653 1927 totum
713 1878 1110 1942 colliquefaetum
1171 1878 1223 1926 in
1282 1880 1485 1942 potione
1544 1886 1685 1939 esset,

183 1961 387 2010 celerius
433 1960 599 2025 potuit
646 1967 919 2009 comestum
979 1976 1130 2024 quam
1186 1966 1391 2024 epotum
1438 1962 1489 2008 in
1537 1977 1688 2009 venas

184 2051 331 2106 atque
370 2043 423 2091 in
461 2059 631 2092 omnes
669 2049 834 2105 partes
873 2042 1090 2105 corporis
1131 2044 1456 2105 permanare?
1496 2043 1688 2091 facilius

183 2124 353 2173 fallere
400 2124 452 2172 in
500 2141 640 2188 pane,
692 2124 734 2172 si
782 2130 912 2172 esset
970 2123 1389 2184 animadversum,
1440 2141 1587 2188 quam
1635 2125 1687 2173 in

109 2219 160 2262 25
183 2206 373 2270 poculo,
402 2222 513 2254 cum
538 2206 610 2254 ita
634 2206 893 2254 confusum
929 2212 1057 2254 esset
1082 2210 1140 2253 ut
1165 2206 1351 2254 secerni
1377 2206 1515 2255 nullo
1540 2206 1686 2255 modo

237 2396 275 2435 2.
310 2395 381 2443 ad,
415 2406 490 2435 ST:
522 2395 653 2446 apud,
689 2410 730 2436 ω.
792 2397 830 2435 4.
864 2394 1024 2442 uxoris,
1060 2406 1120 2436 ετ.
1183 2394 1220 2439 7.
1254 2408 1367 2435 mors
1396 2395 1567 2447 eripuit,
1601 2407 1685 2437 SFM

185 2459 310 2510 (with
337 2459 459 2499 aliud
485 2459 696 2512 wrongly,
720 2473 768 2499 as
797 2460 843 2499 in
872 2463 893 2509 ἓ
921 2461 974 2500 25
999 2459 1121 2509 alios,
1149 2459 1343 2500 inserted
1373 2459 1488 2500 after
1513 2461 1683 2513 eripuit,

184 2535 220 2572 s,
238 2537 286 2563 or
307 2523 453 2563 before
472 2537 597 2573 mors,
617 2526 719 2575 FM):
751 2524 907 2575 eripuit
926 2537 1051 2572 mors,
1072 2535 1110 2564 ’1.
1164 2526 1200 2565 8.
1228 2538 1310 2574 per
1328 2538 1451 2576 quem
1470 2538 1681 2575 venenum,

183 2599 259 2628 S'r:
294 2601 494 2628 venenum
524 2601 604 2639 per
636 2602 772 2641 quem,
806 2604 847 2629 ω.
923 2591 984 2629 14.
1019 2588 1164 2640 iyitur,
1197 2600 1272 2629 ST:
1304 2589 1468 2637 deinde,
1502 2605 1544 2631 ω.
1616 2592 1678 2632 20.

184 2652 302 2693 Num
318 2652 446 2693 latius
462 2652 600 2704 potuit
620 2653 657 2693 is
676 2666 750 2705 my
767 2653 899 2705 conj.:
919 2653 1153 2704 faciliusne
1168 2652 1308 2704 potuit
1324 2667 1455 2705 quam
1474 2653 1520 2694 in
1538 2655 1685 2705 poculo

183 2717 313 2757 latius
338 2719 490 2769 potuit,
521 2733 561 2758 ω.
625 2717 704 2758 See
725 2718 875 2759 Notes.
936 2718 1001 2758 22.
1031 2724 1266 2766 comestum,
1290 2729 1365 2758 ST:
1396 2732 1615 2769 comesum,
1639 2735 1680 2760 ω.
