1820 2956
127 152 158 200 4
564 147 690 196 PRO
730 147 794 195 A.
837 143 1185 195 CLUENTIO.

126 300 279 348 prope
321 283 545 331 convicta
587 288 737 344 atque
779 280 1014 328 damnata
1055 278 1134 337 sit,
1173 277 1316 326 facile
1354 275 1619 340 intellego:

127 365 213 413 sed
261 365 302 414 si
349 364 434 428 qui
482 362 603 410 mihi
651 362 772 410 deus
820 367 1037 409 vestram
1084 359 1145 407 ad
1193 375 1272 407 me
1318 357 1622 406 audiendum

126 445 515 495 benivolentiam
557 444 844 499 conciliarit,
885 442 1085 491 efficiam
1127 441 1350 504 profecto
1385 446 1444 488 ut
1482 438 1624 487 intel-

126 526 302 592 legatis
335 525 460 573 nihil
486 541 590 573 esse
615 525 805 573 homini
842 529 945 571 tam
981 522 1259 571 timendum
1290 538 1438 585 quam
1467 520 1624 568 invid-

126 608 237 667 iam,
271 606 395 654 nihil
431 606 686 654 innocenti
722 611 953 669 suscepta
985 604 1172 652 invidia
1209 609 1312 651 tam
1348 601 1622 666 optandum

127 705 276 752 quam
317 703 532 751 aequum
574 686 827 745 iudicium,
870 685 1005 748 quod
1042 685 1094 732 in
1136 684 1228 732 hoc
1270 700 1371 732 uno
1409 682 1624 746 denique

128 770 277 818 falsae
309 768 542 816 infamiae
585 768 697 816 finis
733 767 913 831 aliquis
946 774 1097 830 atque
1131 766 1294 813 exitus
1332 764 1620 828 reperiatur.

129 850 289 910 Quam
331 850 394 897 ob
434 866 538 897 rem
580 865 760 912 magna
802 864 880 896 me
920 863 1030 911 spes
1069 853 1225 908 tenet,
1267 846 1305 893 si
1345 862 1471 908 quae
1509 851 1626 893 sunt

128 931 179 978 in
226 947 371 978 causa
419 929 667 994 explicare
714 935 864 992 atque
913 928 1077 977 omnia
1124 926 1334 975 dicendo
1394 926 1625 990 consequi

128 1018 351 1076 potuero,
397 1011 528 1060 hunc
568 1011 732 1059 locum
774 1025 1157 1072 consessumque
1198 1014 1434 1068 vestrum,
1479 1024 1625 1071 quem

128 1093 201 1141 illi
248 1092 537 1141 horribilem
584 1091 644 1139 A.
697 1091 930 1140 Cluentio
982 1107 1037 1138 ac
1089 1089 1464 1138 formidolosum
1523 1088 1627 1137 fore

129 1179 448 1238 putaverunt,
478 1189 592 1221 eum
615 1172 818 1221 tandem
851 1172 955 1219 eius
988 1171 1219 1220 fortunae
1247 1170 1454 1219 miserae
1482 1169 1629 1218 mult·

129 1271 313 1318 umque
376 1254 588 1302 iactatae
652 1260 854 1317 portum
919 1269 974 1300 ac
1037 1252 1321 1316 perfugium
1384 1252 1625 1299 futurum.

74 1343 108 1396 8
130 1322 350 1384 Tametsi
397 1334 646 1398 permulta
693 1340 811 1382 sunt
858 1350 984 1397 quae
1031 1333 1168 1391 mihi,
1209 1339 1324 1380 ante
1372 1349 1521 1395 quam
1567 1332 1629 1381 de

130 1434 276 1465 causa
299 1416 423 1475 dico,
451 1415 513 1464 de
538 1415 882 1464 communibus
907 1414 1125 1463 invidiae
1157 1413 1389 1478 periculis
1421 1413 1631 1462 dicenda

131 1514 236 1546 esse
293 1498 570 1556 videantur,
634 1504 815 1556 tamen,
872 1512 935 1544 ne
992 1495 1184 1559 diutius
1242 1495 1464 1543 oratione
1522 1512 1631 1543 mea

131 1594 367 1642 suspensa
409 1577 716 1640 exspectatio
758 1583 925 1625 vestra
971 1582 1216 1634 teneatur,
1261 1575 1523 1639 adgrediar
1568 1576 1631 1624 ad

131 1660 316 1708 crimen
374 1675 487 1707 cum
545 1658 632 1707 illa
689 1658 1052 1721 deprecatione,
1103 1657 1303 1717 iudiceS‚
1353 1674 1452 1721 qua
1508 1657 1631 1706 mihi

132 1741 326 1804 saepius
367 1739 614 1788 utendum
657 1755 762 1787 esse
803 1738 1054 1803 intellego,
1099 1738 1167 1787 sic
1203 1744 1264 1786 ut
1299 1755 1378 1786 me
1419 1738 1632 1787 audiatis

131 1822 273 1885 quasi
304 1821 397 1869 hoc
429 1826 655 1884 tempore
683 1819 804 1868 haec
834 1836 979 1868 causa
1007 1820 1223 1883 primum
1248 1818 1458 1878 dicatur,
1486 1819 1632 1867 sicuti

131 1903 330 1961 dicitur,
357 1919 457 1950 non
484 1901 624 1964 quasi
650 1916 796 1964 saepe
824 1901 924 1948 iam
953 1900 1086 1948 dicta
1111 1905 1164 1948 et
1194 1916 1468 1963 numquam
1492 1900 1632 1963 prob-

132 1990 214 2033 ata
250 1985 328 2032 sit.
415 1983 675 2031 Hodierno
717 1982 851 2030 enim
891 1981 974 2030 die
1015 1982 1231 2045 primum
1269 1980 1450 2029 veteris
1488 1981 1632 2029 istius

133 2065 351 2114 criminis
387 2064 613 2113 diluendi
651 2068 870 2126 potestas
896 2069 972 2111 est
995 2062 1141 2111 data:
1178 2068 1295 2110 ante
1319 2061 1411 2110 hoc
1435 2068 1634 2126 tempus

133 2162 270 2195 error
305 2147 358 2194 in
394 2145 484 2193 hac
519 2161 665 2193 causa
698 2149 849 2207 atque
874 2143 1064 2191 invidia
1090 2148 1286 2191 versata
1311 2148 1399 2190 est.
1473 2141 1634 2202 Quam

133 2228 196 2276 ob
220 2244 325 2275 rem
349 2226 470 2274 dum
494 2225 770 2273 multorum
805 2240 1048 2272 annorum
1082 2223 1382 2272 accusationi
1417 2223 1635 2271 breviter

132 2307 447 2370 dilucideque
483 2305 772 2369 respondeo,
813 2321 996 2368 quaeso
1031 2311 1090 2352 ut
1125 2320 1218 2363 me,
1252 2304 1454 2364 iudices,
1491 2304 1634 2352 sicuti

132 2390 291 2438 facere
328 2386 634 2445 instituistis,
670 2386 883 2449 benigne
919 2390 1211 2447 attenteque
1247 2384 1475 2433 audiatis.

201 2469 286 2518 IV.
351 2467 644 2531 Corrupisse
707 2466 894 2514 dicitur
955 2464 1018 2514 A.
1069 2465 1332 2514 Cluentius
1395 2465 1635 2514 iudicium

186 2600 225 2640 2.
252 2598 337 2650 qui,
356 2597 471 2638 Pshr:
504 2596 612 2648 quis,
630 2611 670 2636 ω.
718 2597 779 2636 15.
801 2597 909 2645 dico,
929 2607 1064 2636 STFM:
1091 2596 1246 2644 dicam,
1264 2609 1381 2635 some
1402 2595 1524 2635 codd.
1549 2595 1636 2635 and

133 2663 230 2703 edd.
265 2663 329 2703 22.
351 2661 486 2708 istius,
503 2673 582 2700 ῈΜε
604 2660 751 2710 ipsius,
768 2671 831 2700 s'r:
855 2660 1035 2710 [veteris]
1050 2660 1196 2710 ipsius,
1212 2659 1398 2712 Kayser,
1414 2659 1631 2699 Faussett.

134 2729 200 2767 26.
220 2727 358 2774 sicuti,
378 2741 429 2765 w:
448 2725 568 2772 sicut,
588 2735 637 2764 s'r
652 2726 716 2773 (as
732 2725 862 2776 again
882 2727 931 2763 at
946 2726 968 2772 ἓ
981 2724 1049 2771 23,
1071 2726 1107 2771 l,
1125 2723 1269 2762 where
1284 2735 1311 2762 Ρ
1326 2723 1413 2762 and
1430 2739 1460 2762 ω
1474 2725 1631 2775 agree).

1655 1028 1704 1056 10

1659 1435 1706 1477 15

1657 1845 1710 1872 20

1659 2250 1708 2292 25
