1858 2956
219 120 281 166 84
652 119 782 168 PRO
818 120 882 168 A.
925 119 1004 168 CL
1016 119 1282 169 UENTIO.

217 251 437 300 eiusdem
507 252 695 300 ordinis
753 269 853 301 non
911 253 1134 303 fecerunt
1192 253 1327 304 idem
1385 253 1518 319 quod
1580 272 1711 304 nunc

217 331 475 381 Cluentius
522 338 579 380 ut
627 333 817 396 aliquid
865 334 1036 397 culpae
1084 335 1329 398 suscipere
1377 352 1428 384 se
1475 342 1712 399 putarent

215 412 498 473 recusando,
544 413 631 462 sed
678 414 988 477 apertissime
1035 423 1391 480 repugnarunt,
1434 433 1545 465 cum
1592 417 1711 466 haec

216 500 497 542 recusarent,
544 500 594 543 et
641 494 804 558 palam
854 495 1121 544 fortissime
1169 503 1317 561 atque
1364 497 1710 547 honestissime

216 574 437 623 dicerent
461 591 511 624 se
536 575 754 639 potuisse
779 575 963 625 iudicio
996 577 1168 641 populi
1201 578 1413 627 Romani
1438 579 1490 627 in
1515 579 1711 643 amplis-

215 657 393 704 simum
440 656 600 705 locum
646 657 919 720 pervenire,
965 658 1006 705 si
1053 674 1141 707 sua
1180 659 1347 707 studia
1389 659 1453 708 ad
1498 660 1711 709 honores

215 736 453 800 petendos
487 737 706 786 conferre
739 737 1046 798 voluissent,
1093 755 1198 788 sese
1222 740 1406 789 vidisse
1439 741 1490 788 in
1521 757 1579 790 ea
1608 742 1712 790 vita

215 818 373 882 qualis
432 818 664 882 splendor
722 819 917 880 inesset,
981 826 1167 884 quanta
1191 820 1527 883 'ornamenta,
1585 840 1711 886 quae

215 899 461 964 dignitas3
503 916 628 963 quae
664 917 714 948 se
750 917 851 949 non
888 901 1254 965 contempsisse,
1291 903 1378 951 sed
1414 903 1586 952 ordine
1623 920 1711 952 suo

215 986 510 1044 patrumque
546 997 748 1029 suorum
793 987 1051 1031 contentos
1093 982 1243 1031 fuisse
1286 990 1335 1032 et
1377 984 1533 1032 vitam
1574 984 1710 1032 illam

215 1061 533 1125 tranquillam
570 1067 621 1110 et
656 1062 890 1125 quietam,
931 1070 1173 1112 remotam
1209 1081 1238 1112 a
1268 1064 1495 1128 procellis
1533 1065 1712 1113 invidi-

93 1142 193 1194 154
215 1160 354 1191 arum
379 1150 429 1191 et
453 1143 653 1191 huiusce
679 1143 812 1192 modi
837 1143 1136 1192 iudiciorum
1161 1145 1298 1208 sequi
1324 1145 1585 1196 maluisse:
1624 1152 1713 1195 aut

215 1225 308 1273 sibi
350 1224 412 1273 ad
448 1224 660 1273 honores
698 1225 938 1288 petendos
975 1231 1191 1275 aetatem
1230 1226 1477 1291 integram
1511 1227 1712 1276 restitui

215 1314 455 1370 oportere,
476 1312 575 1366 aut,
596 1307 829 1370 quoniam
849 1307 901 1355 id
919 1323 1020 1355 non
1039 1313 1220 1370 posset,
1244 1324 1351 1356 eam
1371 1307 1711 1357 condicionem

219 1388 347 1436 vitae
394 1405 543 1451 quam
590 1388 745 1436 secuti
786 1388 1079 1451 petitionem
1127 1389 1443 1453 reliquissent
1484 1406 1711 1451 manere;

214 1469 442 1532 iniquum
484 1485 588 1517 esse
631 1485 712 1517 eos
752 1469 837 1533 qui
878 1468 1123 1518 honorum
1171 1476 1462 1519 ornamenta
1508 1477 1711 1534 propter

215 1550 544 1615 periculorum
603 1549 981 1599 multitudinem
1039 1551 1488 1614 praetermisissent
1539 1551 1712 1616 populi

217 1631 463 1680 beneficiis
489 1648 593 1680 esse
618 1631 852 1695 privatos,
880 1631 1176 1680 iudiciorum
1209 1648 1452 1681 novorum
1482 1632 1711 1696 periculis

215 1729 314 1761 non
335 1729 498 1761 carere
516 1731 529 1774 3
562 1718 839 1761 senatorem
865 1713 958 1761 hoc
983 1714 1122 1776 queri
1148 1730 1248 1761 non
1273 1729 1428 1776 posse,
1450 1720 1713 1778 propterea

217 1793 350 1858 quod
379 1811 436 1842 ea
465 1793 752 1842 condicione
781 1795 1036 1857 proposita
1067 1800 1236 1857 petere
1274 1794 1528 1858 coepisset,
1561 1795 1712 1858 quod—

217 1892 310 1939 que
341 1875 588 1939 permulta
619 1882 786 1923 essent
814 1880 1107 1923 ornamenta
1135 1875 1315 1938 quibus
1348 1891 1456 1923 eam
1485 1875 1712 1939 mitigare

216 1956 492 2004 molestiam
540 1963 718 2019 posset,
761 1955 909 2016 locus,
956 1956 1237 2014 auctoritas,
1281 1955 1415 2004 domi
1463 1956 1708 2020 splendor,

217 2037 349 2102 apud
369 2043 561 2086 exteras
588 2037 811 2085 nationes
836 2053 1017 2085 nomen
1044 2042 1093 2085 et
1112 2037 1283 2101 gratia,
1304 2043 1420 2100 toga
1438 2044 1709 2101 praetexta,

217 2118 336 2167 sella
368 2118 563 2178 curulis,
591 2118 818 2182 insignia,
854 2118 1020 2179 fasces,
1057 2117 1317 2178 exercitus,
1353 2118 1571 2182 imperia,
1606 2135 1713 2182 pro-

217 2200 434 2248 vinciae:
490 2199 670 2262 quibus
716 2199 768 2246 in
809 2198 955 2247 rebus
994 2216 1105 2247 cum
1154 2215 1345 2247 summa
1390 2207 1522 2247 recte
1570 2199 1711 2248 factis

217 2280 426 2329 maiores
464 2279 620 2327 nostri
662 2279 880 2342 praemia
919 2290 1026 2328 tum
1065 2279 1207 2343 plura
1248 2280 1458 2343 peccatis
1498 2279 1714 2343 pericula

219 2361 470 2427 proposita
494 2377 598 2410 esse
623 2361 901 2409 voluerunt.
974 2360 1055 2408 Illi
1079 2377 1176 2409 non
1204 2360 1295 2409 hoc
1321 2361 1622 2420 recusabant,
1650 2378 1712 2410 ne

220 2458 275 2490 ea
322 2441 428 2506 lege
475 2447 823 2490 accusarentur
848 2458 960 2505 nqua
1001 2458 1130 2489 nunc
1178 2441 1395 2490 Habitus
1442 2448 1709 2500 accusatur,

272 2643 309 2681 4.
334 2646 588 2691 recusarent,
606 2640 749 2681 codd:
771 2646 1028 2691 reputarent,
1047 2640 1242 2694 Madvig,
1261 2641 1440 2680 Miiller:
1461 2640 1706 2694 refittarent,

220 2708 345 2749 Reid.

1740 1006 1788 1035 10

1739 1407 1787 1451 15

1736 1813 1790 1841 20
