1820 2956
607 70 741 120 PRO
780 70 844 120 A.
888 70 1240 121 CLUENTIO.
1618 72 1674 122 17

179 221 236 254 ne
267 203 479 253 materni
511 203 713 267 quidem
744 204 962 268 corporis
999 204 1254 253 custodiae
1290 209 1457 269 tegere
1493 207 1675 268 potuis-

175 290 297 334 sent.
371 285 615 334 Memoria
649 290 796 333 teneo
831 284 1081 334 Milesiam
1114 285 1364 349 quandam
1400 285 1673 346 mulierem,
1700 291 1768 343 32

175 382 284 414 cum
327 382 485 415 essem
525 366 576 414 in
619 365 755 426 Asia,
800 366 934 429 quod
976 367 1039 415 ab
1087 366 1353 416 heredibus
1403 365 1674 434 [secundis]

173 452 373 510 accepta
424 447 642 513 ¹pecunia
706 453 906 511 partum
971 447 1064 496 sibi
1129 448 1237 512 ipsa
1300 448 1675 497 medicamentis

125 548 146 590 5
171 528 430 592 abegisset,
470 529 542 577 rei
581 528 807 592 capitalis
846 544 952 577 esse
990 528 1280 577 damnatam
1298 548 1311 590 3
1353 545 1444 578 nec
1476 530 1670 589 iniuria,

170 626 296 673 quae
337 626 476 673 spem
517 610 754 674 parentis,
795 610 1085 659 memoriam
1123 611 1352 671 nominis,
1397 611 1674 660 subsidium

168 690 375 754 generis,
421 690 657 739 heredem
697 690 930 750 familiae,
974 691 1292 757 designatum
1333 693 1405 741 rei
1446 693 1672 757 publicae

168 771 324 820 civem
350 771 646 821 sustulisset.
721 771 921 832 Quanto
958 779 1034 821 est
1070 772 1375 837 Oppianicus
1410 773 1463 821 in
1501 774 1673 824 eadem

166 853 347 901 iniuria
378 853 565 903 maiore
598 853 841 919 supplicio
873 854 1085 918 dignus!
1122 855 1163 903 si
1196 855 1398 919 quidem
1432 855 1532 916 illa,
1561 873 1671 905 cum

97 953 143 981 ιο
166 952 255 984 suo
308 937 500 1001 corpori
553 936 656 984 vim
691 936 982 996 attulisset,
1035 952 1086 985 se
1135 937 1243 1000 ipsa
1295 938 1548 998 cruciavit,
1593 939 1671 987 hic

164 1023 332 1066 autem
368 1018 499 1066 idem
536 1018 663 1066 illud
699 1018 862 1066 effecit
898 1034 987 1083 per
1022 1017 1172 1067 alieni
1208 1020 1425 1083 corporis
1457 1026 1670 1069 mortem

162 1106 315 1162 atque
362 1099 650 1148 cruciatum.
725 1098 892 1148 Ceteri
933 1115 1034 1148 non
1075 1099 1315 1149 videntur
1360 1101 1414 1149 in
1462 1101 1670 1166 singulis

163 1181 447 1230 hominibus
480 1180 640 1229 multa
670 1180 936 1246 parricidia
969 1182 1216 1246 suscipere
1242 1199 1416 1246 posse:
1454 1182 1670 1247 Oppian-

161 1262 265 1310 icus
290 1262 526 1311 inventus
563 1267 640 1310 est
675 1262 760 1325 qui
796 1262 849 1310 in
880 1278 983 1311 uno
1016 1279 1220 1327 corpore
1250 1263 1419 1327 plures
1452 1272 1665 1315 necaret.

91 1359 136 1403 15
161 1341 278 1391 XII.
319 1342 499 1406 Itaque
524 1359 636 1391 cum
660 1342 787 1391 hanc
813 1343 918 1392 eius
949 1344 1362 1394 consuetudinem
1391 1346 1668 1395 audaciam-
1694 1353 1759 1406 33

160 1440 256 1487 que
282 1431 542 1489 cognosset
564 1424 840 1473 avunculus
864 1424 998 1473 illius
1028 1424 1361 1475 adulescentis
1387 1426 1664 1491 Oppianici,

160 1504 248 1554 On.
278 1506 489 1570 Magius,
528 1506 682 1570 isque,
723 1522 834 1554 cum
870 1506 1011 1571 gravi
1047 1507 1222 1556 morbo
1257 1507 1482 1557 adfectus
1520 1516 1664 1569 esset,

160 1587 391 1637 heredem
427 1587 570 1636 illum
607 1587 788 1636 sororis
829 1604 946 1636 suae
988 1588 1147 1637 filium
1187 1589 1385 1650 faceret,
1427 1590 1665 1640 adhibitis

158 1669 340 1727 amicis,
380 1675 642 1734 praesente
691 1674 850 1718 matre
893 1686 981 1718 sua
1031 1669 1229 1731 Dinaea,
1270 1688 1482 1720 uxorem
1524 1690 1665 1721 suam

83 1771 136 1800 20
157 1751 485 1816 interrogavit
532 1757 726 1800 essetne
766 1767 1044 1816 praegnans
1062 1771 1076 1813 3
1124 1769 1251 1816 quae
1299 1770 1408 1802 cum
1459 1770 1511 1802 se
1559 1771 1664 1804 esse

157 1832 507 1897 respondisset,
535 1833 598 1882 ab
635 1849 691 1881 ea
727 1833 909 1897 petivit
947 1840 1006 1882 ut
1045 1850 1096 1882 se
1134 1841 1333 1883 mortuo
1371 1835 1504 1898 apud
1544 1835 1664 1884 Din-

157 1930 308 1975 aeam,
350 1931 477 1978 quae
513 1920 623 1963 tum
662 1914 705 1962 ei
748 1914 947 1963 mulieri
983 1932 1151 1964 socrus
1188 1923 1309 1976 erat,
1355 1917 1519 1980 quoad
1556 1935 1663 1982 par-

158 2002 264 2045 eret
294 1995 558 2054 habitaret,
598 1995 1011 2061 diligentiamque
1046 1997 1309 2046 adhiberet
1340 2004 1399 2047 ut
1435 1999 1489 2047 id
1527 2000 1661 2064 quod

157 2084 447 2142 conceperat
479 2094 676 2127 servare
709 2084 761 2126 et
792 2078 986 2127 salvum
1018 2095 1193 2143 parere
1226 2087 1406 2144 posset.
1482 2081 1661 2146 Itaque

82 2177 132 2221 25
157 2159 202 2208 ei
233 2165 536 2208 testamento
566 2159 701 2223 legat
732 2159 974 2224 grandem
1008 2162 1269 2224 pecuniam
1302 2179 1331 2210 a
1363 2162 1479 2223 filio,
1507 2164 1548 2211 si
1574 2165 1660 2227 qui

156 2246 303 2289 natus
345 2246 503 2291 esset:
549 2241 612 2289 ab
654 2242 872 2291 secundo
913 2242 1095 2291 herede
1137 2243 1262 2291 nihil
1304 2243 1450 2308 legat.
1527 2244 1659 2306 Quid
1683 2249 1749 2301 34

208 2407 245 2447 3.
270 2407 474 2456 secundis,
493 2418 622 2448 1³·sz
646 2421 728 2448 om.
750 2419 799 2448 ΒΤ
822 2412 906 2458 (see
927 2408 1097 2458 Notes).
1154 2411 1215 2450 10.
1240 2410 1351 2460 ipsa,
1371 2422 1474 2452 Psrz
1500 2411 1655 2463 ipsam,

155 2486 197 2511 ω.
251 2472 312 2512 14.
334 2471 492 2522 plures,
516 2484 542 2511 P
563 2472 649 2512 and
671 2487 700 2511 ω
720 2488 729 2513 :
760 2474 925 2522 multos,
949 2485 1009 2513 s'r.
1066 2473 1126 2518 17.
1152 2474 1269 2526 isque
1289 2488 1397 2523 cum,
1422 2487 1448 2515 P
1469 2491 1478 2516 τ
1509 2476 1547 2516 is
1566 2477 1654 2528 qui,

154 2535 258 2575 mb2:
289 2537 414 2588 isque,
450 2551 490 2577 ω.
552 2543 662 2585 esset,
698 2537 858 2578 Halm:
889 2544 988 2578 esset
1017 2544 1066 2586 et,
1097 2554 1126 2578 ω
1151 2539 1276 2588 (with
1301 2539 1432 2591 isque,
1461 2540 1653 2591 Classen,

155 2599 378 2652 Ramsay).
441 2602 502 2642 18.
537 2601 710 2642 adibitis
738 2602 902 2652 amicis,
927 2614 978 2643 1³:
1015 2616 1097 2643 am.
1133 2603 1252 2652 adh„
1286 2619 1327 2644 ω.
1390 2606 1453 2645 24.
1490 2618 1656 2646 servare

155 2669 207 2714 et,
231 2675 283 2704 P:
314 2671 496 2704 servaret
516 2671 576 2715 ut,
600 2680 642 2706 ω.
703 2667 768 2706 26.
803 2672 915 2715 esset,
940 2679 966 2706 P
987 2667 1072 2706 and
1094 2682 1149 2707 w:
1182 2667 1275 2716 eric,
1300 2679 1349 2708 s'r
1363 2667 1421 2709 b2.

888 2741 917 2771 Β
