1858 2956
182 127 244 175 78
617 125 745 174 PRO
780 125 843 174 A.
887 126 965 175 CL
979 126 1244 177 UENTIO.

180 275 374 308 causam
434 258 709 308 defendisse
769 276 822 308 ac
869 259 910 308 si
957 260 1062 324 lege
1122 260 1338 309 Habitus
1386 264 1669 312 teneretur‘l

180 340 340 400 Certe,
390 346 447 388 ut
493 340 745 388 hominem
792 341 1078 389 confirmare
1127 349 1334 405 oportet,
1386 342 1551 391 nullus
1598 349 1672 391 est

180 422 314 470 locus
375 438 402 469 a
470 438 548 469 me
619 421 863 484 purgandi
938 422 1081 470 istius
1144 422 1379 471 invidiosi
1454 424 1671 472 criminis

59 495 158 546 144
180 501 568 567 praetermissus.
666 501 792 562 Quid
855 518 969 566 ergo
1029 505 1144 551 est?
1205 491 1410 567 quaeret
1467 504 1672 552 fortasse

181 583 454 647 quispiam:
509 582 800 646 displicetne
842 583 963 631 mihi
1005 583 1171 648 legum
1213 585 1457 648 praesidio
1500 586 1673 649 capitis

180 664 452 728 periculum
511 663 834 728 propulsare?
937 664 1066 712 Mihi
1123 682 1254 724 vero,
1315 666 1513 724 iudices,
1574 683 1672 714 non

181 745 421 810 displicet,
449 745 534 793 sed
560 751 674 793 utor
698 745 930 794 instituto
954 762 1077 794 meo.
1151 745 1211 794 In
1237 746 1450 795 hominis
1480 746 1670 795 honesti

181 826 539 889 prudentisque
586 825 767 874 iudicio
816 843 912 873 non
963 826 1122 875 solum
1180 844 1290 876 meo
1349 828 1552 876 consilio
1600 828 1673 875 uti

182 908 426 966 consuevi,
468 906 554 955 sed
595 906 808 955 multum
852 907 1000 955 etiam
1042 908 1146 956 eius
1187 925 1333 972 quem
1374 908 1586 957 defendo
1625 915 1675 957 et

182 988 383 1037 consilio
425 994 476 1036 et
524 988 771 1036 voluntati
813 989 1111 1052 obtempero.
1188 989 1314 1037 Nam
1354 996 1412 1038 ut
1452 989 1571 1038 haec
1613 989 1675 1038 ad

183 1086 261 1118 me
292 1086 437 1118 causa
465 1068 630 1117 delata
659 1075 746 1128 est,
774 1069 861 1132 qui
885 1069 1015 1134 leges
1045 1087 1124 1119 eas
1150 1070 1212 1118 ad
1237 1087 1358 1134 quas
1385 1070 1676 1119 adhibemur

182 1156 232 1198 et
266 1151 318 1198 in
356 1149 535 1214 quibus
572 1166 824 1198 versamur
864 1167 1006 1199 nosse
1049 1150 1292 1210 deberem,
1338 1151 1444 1199 dixi
1488 1150 1676 1199 Habito

182 1231 351 1280 statim
390 1247 446 1279 eo
482 1231 642 1295 capite
680 1244 773 1288 QUI
809 1243 1164 1288 OOISSETQUO
1201 1244 1324 1288 QUIS
1361 1244 1677 1280 OONDEMNA-

183 1325 358 1361 RETUR
409 1311 550 1360 illum
601 1329 704 1360 esse
755 1312 979 1372 liberum,
1030 1313 1190 1360 teneri
1238 1320 1403 1361 autem
1452 1319 1677 1361 nostrum

183 1393 436 1442 ordinem:
475 1399 625 1456 atque
658 1393 741 1442 ille
773 1410 851 1441 me
884 1410 1022 1442 orare
1056 1400 1204 1457 atque
1239 1394 1491 1443 obsecrare
1516 1394 1678 1457 coepit

182 1490 244 1523 ne
286 1474 485 1538 serlege
523 1474 851 1523 defenderem.
926 1474 1053 1524 Cum
1095 1491 1184 1538 ego
1227 1491 1352 1537 quae
1388 1474 1511 1522 mihi
1546 1474 1675 1523 vide-

182 1556 366 1604 bantur
406 1555 632 1614 dicerem,
675 1555 903 1604 traduxit
944 1572 1022 1603 me
1063 1554 1126 1602 ad
1168 1572 1307 1603 suam
1349 1555 1677 1615 sententiam3

182 1634 476 1683 adfirmabat
514 1635 645 1683 enim
695 1635 955 1684 lacrimans
996 1652 1096 1684 non
1135 1652 1186 1684 se
1228 1635 1531 1700 cupidiorem
1574 1653 1677 1685 esse

60 1723 158 1774 145
183 1715 401 1763 civitatis
447 1715 735 1764 retinendae
784 1732 932 1779 quam
991 1717 1385 1766 existimationis,
1485 1717 1678 1766 Morem

184 1795 373 1844 homini
409 1796 551 1860 gessi,
591 1803 643 1845 et
678 1803 845 1845 tamen
882 1797 1066 1846 idcirco
1102 1798 1424 1861 feci—neque
1461 1798 1591 1846 enim
1627 1798 1678 1846 id

184 1893 378 1940 semper
412 1877 570 1926 facere
607 1877 1046 1942 debemus—quod
1077 1878 1305 1927 videbam
1335 1895 1422 1942 per
1447 1895 1497 1927 se
1521 1879 1678 1942 ipsam

184 1975 381 2006 causam
414 1958 518 2007 sine
552 1958 659 2023 lege
694 1959 1031 2022 copiosissime
1068 1976 1210 2023 posse
1247 1959 1460 2008 defendi.
1533 1960 1679 2008 Vide-

184 2039 296 2088 bam
345 2039 396 2087 in
444 2041 535 2088 hac
582 2039 866 2088 defensione
925 2057 1023 2104 qua
1080 2040 1179 2088 iam
1239 2057 1345 2088 sum
1405 2057 1523 2088 usus
1569 2041 1680 2104 plus

184 2120 456 2185 dignitatis,
484 2121 535 2168 in
569 2121 655 2169 illa
688 2137 785 2184 qua
813 2138 891 2169 me
924 2121 1003 2170 hic
1027 2122 1102 2169 uti
1127 2121 1288 2170 noluit
1311 2122 1474 2169 minus
1500 2121 1679 2169 laboris

185 2201 438 2250 futurum:
489 2201 623 2266 quod
672 2202 711 2249 si
761 2202 885 2250 nihil
933 2202 1066 2250 aliud
1116 2208 1244 2251 esset
1284 2209 1448 2250 actum
1488 2202 1583 2250 nisi
1626 2211 1680 2250 ut

184 2282 310 2332 hanc
348 2300 544 2331 causam
583 2283 932 2343 obtineremus,
972 2283 1079 2346 lege
1117 2284 1322 2331 recitata
1360 2300 1676 2347 perorassem.

237 2460 275 2499 4.
291 2459 490 2509 fortasse,
517 2474 572 2498 w:
594 2457 812 2509 fortassis,
837 2469 911 2498 ST:
943 2471 1008 2510 cp.
1033 2458 1164 2506 §QOL
1227 2459 1263 2498 5.
1298 2457 1539 2510 displicetne
1558 2458 1678 2506 mihi,

185 2534 259 2563 ST:
307 2522 577 2573 displiceatne
616 2522 734 2570 mihi,
788 2537 818 2561 ω
865 2522 952 2561 and
998 2521 1095 2562 edd.
1158 2522 1322 2572 capitis,
1382 2534 1431 2561 s'r
1458 2522 1545 2562 and
1583 2522 1676 2563 cod.

185 2586 373 2627 S.Vict.:
405 2586 599 2638 accipite,
620 2602 660 2626 ω.
719 2588 779 2627 16.
794 2599 845 2626 ne
860 2599 899 2626 se
912 2597 987 2625 s'r:
1018 2592 1124 2625 utne
1137 2599 1233 2633 sese,
1248 2602 1287 2626 ω.
1335 2587 1395 2629 17.
1416 2586 1678 2635 videbantur,

186 2662 263 2691 ST:
296 2651 553 2699 viderentur,
580 2666 621 2690 ω.
693 2651 758 2691 25.
793 2656 904 2699 esset,
937 2662 964 2689 P
993 2650 1079 2689 and
1110 2665 1164 2690 w:
1193 2650 1363 2702 suisset,
1397 2662 1446 2691 ετ
1466 2653 1503 2701 (ἓ
1523 2653 1588 2700 81,
1611 2652 1681 2701 23)

184 2716 249 2757 26.
283 2716 568 2762 obtineremus,
595 2726 697 2754 Ps'r:
729 2715 964 2763 obtinerem,
988 2729 1030 2755 ω.
1542 2720 1547 2725 ’

1704 1011 1751 1039 10

1703 1818 1755 1846 20
