1858 2956
594 118 726 168 PRO
763 118 828 167 A.
871 117 948 167 CL
962 118 1230 169 UENTIO.
1597 121 1659 168 85

162 268 284 315 quae
318 259 436 301 tunc
470 258 576 301 erat
610 252 914 316 Sempronia,
943 268 1073 300 nunc
1104 259 1180 301 est
1212 252 1442 302 Cornelia
1460 271 1472 313 ;
1519 253 1661 302 intel-

161 331 390 396 legebant
416 334 547 382 enim
573 350 629 382 ea
653 332 760 397 lege
786 339 1064 396 equestrem
1091 333 1315 382 ordinem
1342 350 1438 382 non
1466 335 1626 383 teneri
1647 352 1660 395 3

161 413 246 462 sed
283 431 345 463 ne
381 431 510 463 nova
545 414 652 479 lege
686 413 1026 479 adligarentur
1061 414 1370 465 laborabant.
1444 414 1661 464 Habitus
1685 413 1783 465 155

162 510 221 544 ne
254 494 346 544 hoc
379 495 582 560 quidem
610 512 845 559 umquam
878 496 1138 556 recusavit,
1176 513 1273 561 quo
1307 497 1471 545 minus
1496 496 1574 546 vel
1606 514 1663 546 ea

113 592 135 636 5
162 575 267 640 lege
302 577 546 626 rationem
582 577 716 626 vitae
755 594 870 627 suae
906 577 1140 627 redderet
1177 595 1275 642 qua
1309 595 1411 627 non
1448 585 1656 628 tenetur.

162 656 296 718 Quae
332 657 374 706 si
410 658 550 707 vobis
586 658 811 707 condicio
847 658 1021 722 placet,
1062 676 1234 708 omnes
1272 659 1324 708 id
1367 677 1570 724 agamus
1606 666 1663 709 ut
1692 679 1697 683 ·

159 738 278 787 haec
314 755 462 802 quam
506 740 718 803 primum
754 739 806 788 in
844 756 1014 789 omnes
1052 740 1252 789 ordines
1295 742 1521 804 quaestio
1559 758 1662 806 per-

158 819 358 868 feratur.
1600 872 1603 875 .

224 900 384 951 LVII.
424 902 623 950 Interea
647 902 862 966 quidem,
890 919 979 966 per
998 903 1116 952 deos
1141 903 1474 952 immortales!
1547 921 1664 968 quo-

87 1003 136 1033 10
159 983 291 1030 niam
311 983 478 1031 omnia
502 983 759 1032 commoda
785 990 966 1045 nostra,
988 984 1110 1044 iura,
1133 984 1430 1045 libertatem,
1453 985 1663 1034 salutem

159 1063 373 1127 denique
406 1064 599 1130 legibus
632 1065 930 1126 obtinemus,
960 1083 988 1114 a
1012 1065 1202 1130 legibus
1228 1083 1327 1115 non
1362 1067 1659 1116 recedamus.

160 1143 320 1193 Simul
354 1151 403 1194 et
435 1145 559 1194 illud
592 1163 742 1210 quam
768 1146 834 1195 sit
858 1148 1087 1210 iniquum
1121 1148 1394 1211 cogitemus
1423 1149 1661 1212 populum

159 1225 440 1275 Romanum
474 1227 610 1276 aliud
643 1245 774 1276 nunc
804 1245 948 1293 agere
967 1247 979 1289 ;
1018 1229 1159 1278 vobis
1193 1246 1293 1278 rem
1331 1230 1579 1294 publicam
1614 1236 1665 1280 et

158 1308 383 1357 fortunas
415 1325 526 1357 suas
561 1310 875 1371 commisisse,
904 1310 1068 1374 ipsum
1102 1311 1207 1360 sine
1241 1328 1357 1360 cura
1390 1329 1494 1361 esse
1512 1332 1524 1374 3
1563 1330 1662 1362 non

89 1406 134 1450 ¹5
162 1396 378 1438 metuere
411 1406 475 1438 ne
508 1390 615 1455 lege
649 1407 705 1438 ea
738 1408 887 1455 quam
921 1408 1193 1455 numquam
1227 1392 1332 1456 ipse
1365 1393 1578 1454 iusserit,
1615 1400 1665 1443 et

159 1471 450 1534 quaestione
475 1488 573 1535 qua
598 1489 649 1520 se
674 1472 892 1522 solutum
917 1473 1228 1537 liberumque
1255 1490 1359 1522 esse
1379 1474 1660 1535 arbitretur,

158 1570 245 1617 per
269 1570 449 1618 paucos
475 1553 661 1602 iudices
687 1556 1004 1619 astringatur.
1075 1556 1196 1620 Agit
1216 1556 1348 1604 enim
1374 1557 1442 1604 sic
1468 1573 1663 1605 causam
1689 1558 1788 1610 156

159 1634 212 1684 T.
243 1634 435 1696 Accius,
465 1635 749 1684 adulescens
783 1637 942 1685 bonus
981 1645 1032 1685 et
1064 1637 1292 1697 disertus,
1331 1655 1501 1687 omnes
1534 1639 1664 1688 cives

158 1715 349 1780 legibus
396 1717 555 1765 teneri
615 1717 845 1766 omnibus
863 1735 875 1777 3
935 1734 1022 1766 vos
1071 1718 1334 1767 attenditis
1382 1725 1432 1767 et
1480 1719 1664 1768 auditis

82 1814 136 1845 20
159 1797 355 1846 silentio
397 1798 526 1846 sicut
567 1798 726 1847 facere
774 1798 997 1859 debetis3
1050 1800 1110 1848 A.
1157 1798 1420 1848 Cluentius
1468 1817 1664 1849 causam

159 1878 280 1927 dicit
312 1895 461 1942 eques
493 1879 749 1928 Romanus
776 1897 833 1928 ea
864 1880 971 1944 lege
1002 1897 1100 1944 qua
1132 1880 1240 1945 lege
1274 1887 1527 1930 senatores
1553 1889 1604 1930 et
1628 1882 1663 1930 ii

159 1960 244 2024 qui
276 1961 625 2024 magistratum
661 1961 946 2010 habuerunt
982 1962 1075 2011 soli
1110 1967 1376 2024 tenentur3
1415 1963 1540 2012 mihi
1576 1981 1665 2029 per

159 2058 272 2091 eum
311 2058 536 2091 recusare
578 2049 628 2091 et
667 2044 720 2092 in
763 2061 872 2093 arce
907 2043 1030 2108 legis
1071 2044 1320 2108 praesidia
1360 2046 1664 2095 constituere

158 2123 460 2172 defensionis
507 2140 644 2173 meae
693 2142 794 2173 non
841 2125 971 2174 licet.
1046 2125 1099 2174 Si
1145 2126 1421 2174 obtinuerit
1468 2144 1660 2176 causam

83 2217 134 2260 25
159 2203 430 2265 Cluentius
482 2204 629 2254 sicuti
677 2213 843 2255 vestra
890 2207 1141 2270 aequitate
1195 2207 1304 2255 nixi
1352 2208 1658 2270 confidimus,

159 2299 327 2331 omnes
360 2283 733 2344 existimabunt,
761 2284 813 2333 id
847 2284 981 2349 quod
1014 2285 1124 2344 erit,
1153 2285 1426 2334 obtinuisse
1459 2293 1663 2350 propter

158 2362 507 2423 innocentiam,
529 2366 763 2428 quoniam
790 2365 861 2414 ita
885 2366 1119 2415 defensus
1144 2367 1210 2414 sit
1230 2385 1242 2426 3
1277 2367 1328 2415 in
1345 2367 1453 2431 lege
1479 2375 1658 2428 autem,

157 2460 306 2508 quam
343 2445 591 2510 attingere
627 2446 858 2508 noluerit,
895 2447 1129 2511 praesidii
1166 2447 1293 2495 nihil
1326 2449 1489 2498 fuisse.
1565 2450 1662 2499 Hic
1687 2448 1786 2502 157

215 2646 248 2685 1.
288 2650 399 2693 tunc,
441 2656 508 2685 s'r:
561 2651 663 2695 tum,
706 2658 780 2688 FM.
856 2649 893 2688 5.
934 2653 1107 2696 tenetur,
1149 2660 1224 2689 ST:
1275 2653 1494 2699 teneretur,
1538 2662 1655 2691 FMW.

160 2713 222 2753 14.
255 2713 408 2764 ipsam,
433 2725 459 2754 Τ
488 2716 560 2764 (?):
590 2727 644 2763 se,
668 2726 716 2756 S:
748 2729 830 2756 om.
856 2727 976 2757 FMW.
1037 2718 1103 2757 21.
1130 2731 1217 2769 qua
1246 2718 1345 2769 ἱερεῖ,
1378 2733 1435 2759 ωε
1467 2732 1565 2771 qua,
1594 2731 1655 2760 ΒΤ.
