1820 2956
127 173 155 218 6
557 171 688 220 PRO
728 170 793 219 A.
835 170 1183 220 CLUENTIO.

125 305 228 353 umi
269 310 321 354 et
361 321 451 368 pro
492 304 608 352 vivo
643 303 844 352 dicere?
894 321 1006 352 cum
1041 303 1113 352 illi
1151 304 1203 351 in
1245 319 1393 367 quem
1433 303 1617 352 dicitur

125 385 378 434 damnatio
425 402 570 434 omne
622 385 923 450 ignominiae
970 385 1244 449 periculum
1289 385 1389 433 iam
1435 384 1618 434 abstul-

127 466 235 526 erit,
275 483 409 515 mors
448 482 567 515 vero
609 466 760 515 etiam
798 466 985 515 doloris
1002 484 1015 526 3
1051 466 1130 514 hic
1168 472 1351 526 autem,
1393 483 1484 531 pro
1518 483 1617 530 quo

125 547 348 607 dicimus,
387 546 513 594 nihil
549 547 708 610 possit
740 547 1024 596 offensionis
1061 547 1280 611 accipere
1317 547 1422 596 sine
1457 548 1619 597 acerb-

125 628 295 677 issimo
353 627 506 676 animi
559 644 707 677 sensu
765 645 819 676 ac
868 627 1096 676 molestia
1154 633 1206 677 et
1263 628 1368 677 sine
1426 644 1619 676 summo
1672 642 1693 686 5

37 705 100 756 11
125 709 365 758 dedecore
400 709 533 758 vitae
576 719 627 758 et
668 709 1022 773 turpitudine?
1089 709 1258 773 Atque
1298 715 1357 758 ut
1397 709 1620 774 intelleg-

126 791 219 839 atis
263 789 551 839 Cluentium
591 806 692 839 non
730 790 1035 839 accusatorio
1074 791 1253 851 animo,
1295 807 1395 840 non
1437 796 1621 839 ostent-

126 871 292 921 atione
350 872 517 935 aliqua
575 876 662 920 aut
719 871 877 936 gloria
935 871 1220 932 adductum,
1274 871 1361 920 sed
1419 872 1619 921 nefariis

124 953 331 1012 iniuriis
355 952 616 1002 cotidianis
640 953 848 1011 insidiis,
876 953 1132 1018 proposito
1155 958 1271 1002 ante
1297 952 1462 1002 oculos
1487 953 1620 1002 vitae

125 1033 358 1099 periculo,
405 1050 586 1083 nomen
629 1033 892 1099 Oppianici
933 1034 1185 1094 detulisse,
1230 1034 1378 1099 paulo
1424 1034 1620 1099 longius
1649 1049 1697 1078 10

127 1115 387 1165 exordium
435 1116 508 1164 rei
548 1115 964 1164 demonstrandae
1006 1121 1205 1180 petam3
1246 1115 1380 1179 quod
1422 1132 1617 1179 quaeso,

125 1196 326 1257 iudices,
369 1213 431 1244 ne
469 1196 678 1245 moleste
716 1197 978 1261 patiamini
995 1214 1008 1257 ;
1044 1197 1300 1261 principiis
1342 1197 1475 1246 enim
1515 1214 1622 1262 cog-

126 1278 244 1327 nitis
281 1277 441 1326 multo
476 1277 668 1327 facilius
705 1284 929 1327 extrema
969 1278 1283 1343 intellegetis.

134 1363 149 1397 J
193 1359 252 1408 V.
303 1358 366 1408 A.
427 1358 688 1408 Cluentius
747 1359 966 1407 Habitus
1024 1359 1134 1420 fuit,
1202 1365 1345 1424 pater
1402 1359 1618 1420 huiusce,

127 1441 326 1500 iudices,
383 1440 533 1489 homo
582 1456 683 1489 non
730 1440 889 1489 solum
936 1440 1196 1503 municipii
1246 1440 1508 1501 Larinatis,
1559 1456 1622 1489 ex
1650 1454 1696 1498 15

127 1539 226 1587 quo
284 1527 403 1582 erat,
454 1521 541 1570 sed
599 1522 751 1570 etiam
810 1521 1025 1586 regionis
1073 1521 1206 1569 illius
1255 1526 1306 1570 et
1350 1521 1621 1571 vicinitatis

127 1604 330 1662 virtute,
398 1603 782 1663 existimatione,
851 1602 1114 1652 nobilitate
1172 1602 1314 1651 facile
1377 1603 1618 1667 princeps.

128 1686 177 1734 Is
220 1702 331 1734 cum
374 1694 504 1734 esset
532 1691 760 1733 mortuus
796 1683 936 1733 Sulla
968 1690 1019 1732 et
1049 1684 1290 1748 Pompeio
1322 1684 1618 1745 consulibus,

126 1766 332 1830 reliquit
370 1766 502 1815 hunc
543 1782 698 1814 annos
740 1783 809 1814 xv
849 1770 1037 1826 natum,
1081 1765 1321 1830 grandem
1362 1772 1530 1814 autem
1571 1774 1623 1815 et

127 1848 348 1897 nubilem
406 1847 573 1907 filiam,
634 1862 760 1911 quae
817 1847 957 1896 brevi
1015 1852 1238 1911 tempore
1296 1853 1410 1911 post
1466 1848 1622 1912 patris
1646 1866 1699 1894 20

127 1935 338 1978 mortem
386 1929 559 1993 nupsit
609 1928 663 1977 A.
716 1927 876 1978 Aurio
923 1928 1127 1988 Melino,
1177 1930 1471 1978 consobrino
1517 1946 1619 1989 suo,

127 2010 434 2059 adulescenti
468 2010 519 2058 in
556 2009 744 2073 primis,
771 2018 831 2058 ut
866 2014 976 2058 tum
1010 2009 1302 2071 habebatur,
1341 2011 1475 2059 inter
1508 2027 1622 2060 suos

39 2091 105 2143 12
128 2097 179 2141 et
231 2092 442 2141 honesto
501 2096 552 2140 et
602 2090 770 2140 nobili.
866 2090 993 2139 Cum
1053 2097 1218 2140 essent
1275 2107 1361 2140 eae
1419 2092 1622 2157 nuptiae

128 2173 304 2238 plenae
367 2172 643 2244 dignitatis,
697 2171 872 2235 plenae
931 2172 1234 2232 concordiae,
1283 2179 1489 2247 repente
1547 2179 1623 2222 est

129 2261 304 2303 exorta
372 2253 594 2302 mulieris
657 2253 972 2317 importunae
1036 2254 1224 2302 nefaria
1286 2253 1456 2312 libido,
1522 2271 1622 2303 non
1647 2272 1697 2314 25

128 2335 288 2385 solum
347 2335 601 2395 dedecore,
659 2351 833 2405 verum
894 2334 1044 2383 etiam
1105 2334 1285 2383 scelere
1345 2336 1617 2384 coniuncta.

128 2416 260 2466 Nam
308 2415 487 2476 Sassia,
537 2422 698 2464 mater
743 2415 891 2464 huius
939 2415 1372 2464 Habiti—mater
1417 2416 1547 2465 enim
1593 2435 1622 2465 a

186 2529 220 2567 1.
245 2533 282 2566 ct
299 2539 380 2578 pro
400 2526 505 2575 vivo,
529 2537 664 2566 STFM:
692 2531 729 2565 et
744 2525 849 2574 vivo,
870 2540 911 2574 ω,
937 2524 1125 2576 Sylvius,
1146 2525 1393 2574 Lambinus,
1415 2525 1618 2578 Ramsay.

129 2592 166 2632 3.
200 2590 267 2631 hic
347 2590 527 2630 dicimus
610 2590 809 2642 accipere,
834 2600 906 2629 S'r:
937 2588 1033 2629 huic
1112 2589 1272 2629 dicitur
1352 2590 1558 2638 accedere,
1575 2606 1618 2631 ω.

128 2656 168 2696 5.
191 2655 395 2703 molestia,
419 2666 468 2694 s‘r
487 2653 556 2695 b2:
587 2654 742 2702 dolore,
771 2670 800 2693 ω
827 2655 913 2703 (see
942 2666 998 2692 on
1023 2654 1159 2700 domo,
1190 2656 1211 2702 ἓ
1237 2654 1318 2699 27).
1383 2654 1444 2697 17.
1469 2654 1618 2705 facile,

131 2732 212 2759 om.
234 2730 283 2759 s'r
296 2718 383 2758 and
397 2718 548 2767 Quint.
566 2719 622 2758 iv.
641 2720 680 2767 2,
700 2719 790 2759 130.
850 2719 915 2758 23.
941 2731 1026 2766 eae,
1043 2729 1064 2758 s
1082 2733 1091 2758 ε
1123 2719 1215 2767 hae,
1233 2733 1274 2758 ω.
1321 2717 1399 2759 See
1419 2732 1459 2770 p.
1478 2719 1615 2759 xlviii.

129 2792 232 2827 note
253 2789 290 2828 3.
