1820 2956
560 106 689 156 PRO
723 106 787 155 A.
832 106 1189 156 OLUENTIO.
1309 123 1313 127 ’
1560 109 1615 156 61

122 241 334 302 Falcula,
375 258 557 305 quaero
593 241 703 304 quis
739 240 804 289 sit
845 243 1063 290 nocens?
1110 241 1150 289 si
1193 241 1272 290 hic
1313 241 1466 306 gratis
1514 258 1622 290 con-

121 321 392 381 demnavit,
436 323 546 386 quis
589 322 812 386 accepit?
883 322 1023 386 Nego
1071 339 1172 371 rem
1223 339 1327 371 esse
1375 322 1524 371 ullam
1567 323 1620 370 in

121 420 419 468 quemquam
476 404 674 452 illorum
726 403 967 453 obiectam
1016 421 1141 468 quae
1177 404 1486 453 Fidiculanio
1522 421 1620 453 non

122 486 314 534 obiecta
356 486 434 547 sit,
463 485 650 549 aliquid
689 486 840 534 fuisse
882 486 934 533 in
976 485 1259 535 Fidiculani
1301 503 1446 535 causa
1487 486 1620 550 quod

74 582 96 626 5
121 566 254 615 idem
301 583 402 616 non
445 572 574 615 esset
620 567 672 614 in
722 573 1011 616 ceterorum.
1085 567 1194 616 Aut
1241 568 1334 616 hoc
1380 568 1619 616 iudicium
1646 563 1743 615 114

120 647 451 711 reprehendas
488 653 559 705 tu,
605 647 743 696 cuius
780 649 1025 697 accusatio
1067 649 1213 698 rebus
1255 649 1484 698 iudicatis
1527 650 1621 698 niti

121 729 394 788 videbatur,
417 745 611 778 necesse
637 734 723 788 est,
746 734 845 790 aut,
870 730 910 778 si
934 730 1027 779 hoc
1052 747 1223 779 verum
1250 748 1354 780 esse
1379 731 1617 792 concediS,

121 810 448 874 Oppianicum
472 810 625 874 gratis
651 810 1032 861 condemnatum
1059 829 1162 861 esse
1187 813 1386 862 fateare.

186 891 496 956 Quamquam
548 892 668 940 satis
719 909 899 956 magno
949 900 1242 958 argumento
1295 911 1400 943 esse
1455 894 1617 955 debet,

49 995 97 1024 10
119 973 252 1037 quod
282 990 344 1022 ex
372 979 475 1023 tam
505 973 676 1022 multis
709 973 955 1023 iudicibus
989 975 1216 1024 absoluto
1250 976 1450 1025 Falcula
1474 993 1620 1026 nemo

118 1072 229 1103 reus
265 1055 426 1104 factus
463 1061 550 1104 est.
624 1055 757 1116 Quid
787 1056 918 1104 enim
958 1056 1078 1105 mihi
1115 1057 1375 1106 damnatos
1402 1058 1619 1107 ambitus

119 1137 361 1202 colligitis,
384 1137 480 1186 alia
504 1137 624 1203 lege,
649 1138 792 1186 certis
818 1138 1118 1200 criminibus,
1141 1139 1367 1202 plurimis
1386 1139 1619 1190 testibus?

119 1237 227 1268 cum
267 1220 482 1283 primum
524 1220 597 1268 illi
639 1220 734 1284 ipsi
777 1219 1042 1270 debuerint
1084 1221 1250 1286 potius
1293 1222 1510 1271 accusari
1558 1223 1619 1271 de

117 1301 337 1365 pecuniis
362 1301 653 1365 repetundis
679 1318 827 1365 quam
853 1302 1094 1364 ambitus3
1119 1320 1235 1351 nam
1260 1304 1299 1351 si
1324 1305 1377 1351 in
1403 1304 1620 1352 ambitus

47 1398 93 1441 15
117 1383 313 1431 iudiciis
342 1382 433 1431 hoc
464 1383 532 1431 eis
563 1382 738 1444 obfuit,
769 1400 879 1432 cum
908 1384 1004 1432 alia
1028 1384 1135 1450 lege
1161 1402 1357 1434 causam
1382 1385 1616 1447 dicerent,

119 1470 263 1524 certe,
307 1464 348 1512 si
392 1464 588 1528 propria
628 1464 737 1530 lege
778 1464 925 1514 huius
966 1466 1154 1529 peccati
1197 1466 1401 1516 adducti
1439 1474 1616 1527 essent,

117 1546 276 1595 multo
306 1546 418 1610 plus
449 1546 701 1596 obfuisset.
774 1546 971 1596 Deinde
1001 1548 1041 1595 si
1072 1554 1213 1596 tanta
1241 1549 1316 1596 vis
1345 1549 1442 1597 fuit
1476 1549 1619 1598 istius
1643 1546 1741 1597 115

119 1629 350 1689 criminis,
379 1634 450 1687 ut,
478 1645 576 1692 qua
609 1628 818 1693 quisque
852 1629 959 1694 lege
993 1646 1055 1678 ex
1088 1629 1186 1677 illis
1223 1630 1470 1679 iudicibus
1507 1648 1617 1679 reus

118 1710 276 1758 factus
314 1715 456 1769 esset,
497 1715 666 1758 tamen
702 1709 794 1759 hac
831 1710 976 1775 plaga
1011 1711 1210 1775 periret,
1250 1729 1337 1761 cur
1375 1713 1427 1760 in
1475 1719 1618 1762 tanta

43 1809 95 1837 20
118 1791 441 1840 multitudine
481 1797 831 1852 accusatorum,
875 1792 1030 1840 tantis
1068 1793 1312 1856 praemiis,
1356 1794 1506 1843 ceteri
1546 1795 1617 1843 rei

117 1873 234 1922 facti
280 1890 380 1922 non
430 1876 585 1921 sunt?
657 1873 754 1922 Hic
803 1874 1053 1937 profertur
1099 1874 1151 1923 id
1199 1876 1331 1939 quod
1379 1876 1615 1925 iudicium

117 1955 355 2020 appellari
380 1972 480 2003 non
505 1961 717 2019 oportet,
746 1956 800 2005 P.
831 1955 1072 2019 Septimio
1099 1955 1362 2005 Scaevolae
1391 1957 1530 2006 litem
1561 1975 1617 2007 eo

116 2038 316 2086 nomine
341 2054 445 2086 esse
471 2038 795 2086 aestimatam.
870 2037 1022 2087 Cuius
1049 2038 1121 2087 rei
1155 2055 1279 2102 quae
1310 2040 1616 2089 consuetudo

117 2119 195 2179 sit,
223 2119 457 2183 quoniam
483 2119 613 2183 apud
639 2119 864 2168 homines
890 2119 1214 2183 peritissimos
1240 2120 1363 2181 dico,
1392 2121 1617 2186 pluribus

43 2212 92 2255 25
118 2201 280 2250 verbis
351 2201 524 2250 docere
593 2218 694 2249 non
764 2200 921 2250 debeo
940 2219 953 2262 3
1015 2218 1288 2265 numquam
1360 2204 1492 2251 enim
1561 2221 1617 2253 ea

117 2283 376 2347 diligentia
434 2299 558 2347 quae
617 2282 742 2332 solet
794 2282 1019 2332 adhiberi
1078 2283 1129 2331 in
1189 2284 1364 2333 ceteris
1422 2285 1617 2334 iudiciis

173 2458 206 2496 1.
243 2455 336 2507 quis
359 2457 424 2505 sit,
453 2471 495 2506 ω,
528 2455 719 2505 Classen,
744 2456 908 2505 Baiter,
936 2456 1122 2497 Muller:
1154 2457 1227 2507 qui
1249 2457 1316 2506 sit,
1340 2470 1402 2506 ΞΤ,
1427 2457 1614 2511 Kayser,

117 2521 349 2561 Faussett:
382 2520 489 2571 quis,
506 2532 626 2561 FMW.
679 2522 714 2562 3.
742 2522 788 2561 in
809 2534 1074 2573 quemquam,
1089 2521 1234 2562 coda:
1266 2524 1474 2573 cuiquam,
1493 2523 1615 2563 Mad-

118 2586 203 2639 vig.
255 2587 293 2625 4.
313 2598 397 2625 ‘nou
410 2585 578 2634 obiecta,
596 2597 665 2626 ST:
694 2586 852 2626 obiecta
867 2599 962 2634 non,
981 2597 1088 2626 FMW
1103 2589 1184 2638 (cp.
1204 2587 1303 2635 §70‚
1324 2588 1404 2635 11).
1430 2587 1611 2639 aliquid,

117 2651 264 2691 c‹›dd.:
286 2657 361 2690 aut
377 2650 626 2702 quidquam,
646 2651 841 2704 Madvig.
896 2653 933 2691 6.
958 2651 1040 2691 uici
1059 2651 1292 2700 videbatur,
1314 2668 1366 2693 w:
1390 2653 1613 2703 nitebatur,

117 2727 179 2765 ST,
200 2715 348 2755 Lamb.
409 2716 474 2755 26.
501 2721 645 2755 ceteras
660 2715 843 2765 iudiciis,
863 2716 1009 2756 eodd.:
1041 2723 1172 2756 cetero
1192 2717 1364 2765 iudicio,
1388 2718 1611 2773 Pluygers.
