1820 2956
587 75 718 124 PRO
758 78 823 125 A.
866 74 1224 124 CLUENTIO.
1591 76 1647 123 31

154 216 204 260 et
227 210 325 259 alte
360 211 519 275 petito
556 210 806 274 prooemio
844 209 1142 273 respondere
1179 209 1334 258 maior
1369 208 1650 272 Caepasius.

153 292 320 342 Primo
374 298 564 341 attente
615 291 817 340 auditur
864 292 968 340 eius
1016 292 1187 340 oratio.
1277 290 1514 355 Erigebat
1555 290 1655 338 ani-

153 389 288 422 mum
356 373 455 422 iam
525 372 793 421 demissum
852 379 903 422 et
960 389 1251 436 oppressum
1321 371 1654 436 Oppianicus;

151 454 398 520 gaudebat
444 455 549 518 ipse
597 453 887 514 Fabricius3
946 470 1047 502 non
1095 453 1419 517 intellegebat,
1465 453 1655 501 animos

106 548 128 592 5
151 536 371 585 iudicum
409 552 509 585 non
547 535 682 583 illius
718 535 1016 599 eloquentia,
1043 535 1130 583 sed
1166 534 1465 583 defensionis
1501 534 1656 598 impu-

153 617 325 667 dentia
359 617 670 666 commoveri.
747 617 927 666 Postea
952 633 1100 680 quam
1125 615 1187 665 de
1213 633 1264 665 re
1290 616 1452 680 coepit
1476 615 1652 674 dicere,

151 698 214 747 ad
247 715 304 748 ea
341 714 467 762 quae
506 704 649 747 erant
683 698 735 746 in
772 714 919 747 causa
953 697 1171 746 addebat
1206 697 1357 746 etiam
1392 698 1496 762 ipse
1525 713 1656 746 nova

151 777 394 840 quaedam
441 775 661 837 vulnera,
712 781 783 834 ut,
834 792 1135 839 quamquam
1197 775 1370 824 sedulo
1427 775 1652 834 faciebat,

151 863 319 906 tamen
343 856 594 905 interdum
619 873 720 904 non
745 855 1025 917 defendere,
1053 856 1140 905 sed
1164 856 1491 920 praevaricari
1523 872 1657 905 accu-

79 959 128 988 10
150 939 330 988 sationi
366 938 634 988 videretur.
708 938 886 1002 Itaque
924 955 1032 987 cum
1070 937 1384 987 callidissime
1417 954 1468 987 se
1493 937 1655 987 dicere

150 1026 352 1084 putaret
384 1025 434 1069 et
466 1037 577 1068 cum
613 1019 699 1068 illa
730 1020 882 1068 verba
914 1019 1205 1084 gravissima
1238 1036 1301 1067 ex
1333 1020 1510 1069 intimo
1543 1020 1656 1069 arti-

150 1101 260 1149 ficio
284 1100 683 1165 deprompsisset,
724 1101 1056 1165 ‘Respicite‚
1089 1100 1326 1161 iudices,
1362 1101 1655 1150 hominum

149 1182 429 1241 fortunae,
491 1182 770 1246 respicite
834 1182 1042 1231 dubios
1104 1182 1411 1246 variosque
1476 1200 1652 1244 casus,

149 1265 427 1328 respicite
498 1263 551 1314 O.
613 1264 845 1313 Fabrici
903 1270 1265 1313 senectutem
1285 1263 1504 1313 '—cum
1564 1265 1656 1314 hoc

78 1366 126 1410 15
153 1345 486 1409 ‘respicite'
513 1345 764 1394 ornandae
797 1346 1036 1394 orationis
1072 1362 1217 1394 causa
1252 1362 1396 1411 saepe
1433 1346 1653 1406 dixisset,

149 1427 367 1490 respexit
408 1427 513 1491 ipse
534 1447 543 1476 :
586 1432 638 1475 at
681 1426 733 1476 O.
779 1427 1038 1476 Fabricius
1081 1445 1108 1475 a
1150 1427 1395 1476 subselliis
1443 1427 1655 1476 demisso

149 1508 310 1572 capite
358 1507 660 1557 discesserat.
749 1507 846 1557 Hic
895 1508 1084 1557 iudices
1129 1508 1307 1569 ridere,
1358 1509 1656 1558 stomachari
1680 1510 1746 1564 59

149 1595 298 1654 atque
334 1590 506 1639 acerbe
542 1590 670 1638 ferre
705 1596 946 1654 patronus
989 1606 1186 1639 causam
1228 1590 1321 1639 sibi
1359 1590 1484 1655 eripi
1520 1597 1570 1640 et
1606 1609 1656 1640 se

149 1677 311 1720 cetera
357 1670 420 1719 de
465 1671 551 1720 illo
598 1671 706 1720 loco
759 1671 1051 1735 ‘Respicite,
1101 1671 1318 1733 iudiceS,'
1365 1689 1466 1721 non
1513 1689 1655 1736 posse

74 1778 128 1807 20
150 1752 311 1802 dicere
328 1771 342 1814 3
378 1769 468 1802 nec
507 1753 773 1817 quicquam
814 1753 1019 1816 propius
1061 1761 1136 1802 est
1178 1754 1365 1802 factum
1407 1771 1556 1818 quam
1597 1760 1656 1804 ut

149 1833 290 1882 illum
342 1841 721 1898 persequeretur
773 1839 823 1883 et
876 1833 1003 1883 collo
1056 1834 1255 1883 obtorto
1307 1834 1371 1883 ad
1424 1835 1656 1885 subsellia

148 1915 418 1974 reduceret,
479 1921 537 1964 ut
594 1915 786 1979 reliqua
848 1920 1016 1979 posset
1072 1931 1313 1979 perorare.
1410 1916 1490 1965 Ita
1547 1923 1655 1965 tum

149 1996 404 2046 Fabricius
462 1997 679 2061 primum
738 2013 827 2046 suo
886 1996 1082 2057 iudicio,
1145 1997 1279 2061 quod
1339 2004 1416 2046 est
1472 1999 1656 2063 gravis-

150 2078 343 2138 simum,
394 2078 574 2128 deinde
626 2079 749 2143 legis
795 2079 846 2127 vi
893 2085 945 2128 et
993 2079 1256 2128 sententiis
1308 2079 1528 2128 iudicum
1580 2086 1656 2129 est

74 2181 125 2224 25
150 2156 519 2206 condemnatus.

218 2233 386 2284 XXII.
427 2234 561 2295 Quid
607 2240 682 2284 est
724 2234 857 2299 quod
904 2235 1004 2284 iam
1045 2234 1106 2284 de
1155 2236 1399 2300 Oppianci
1446 2252 1656 2300 persona

151 2333 391 2381 causaque
420 2316 564 2381 plura
587 2316 843 2366 dicamus?
913 2317 1067 2381 Apud
1098 2317 1296 2367 eosdem
1326 2317 1513 2367 iudices
1543 2335 1653 2367 reus

151 2403 227 2446 est
258 2397 429 2458 factus,
457 2414 569 2446 cum
593 2398 671 2446 his
697 2397 890 2447 duobus
921 2398 1237 2462 praeiudiciis
1265 2384 1364 2448 iam
1390 2399 1653 2449 damnatus

205 2550 243 2588 8.
268 2554 314 2588 ut
332 2548 618 2598 ...videretum
643 2561 722 2589 s'r:
753 2549 827 2590 hoc
906 2549 1142 2599 videbatur,
1171 2566 1213 2590 ω.
1278 2552 1340 2590 10.
1374 2550 1650 2600 accusationi,

151 2623 226 2653 ST:
268 2626 401 2665 many
429 2613 526 2654 edd.
563 2613 748 2654 bracket
788 2628 836 2653 or
876 2615 999 2654 omit.
1074 2616 1140 2654 22.
1175 2615 1262 2663 Ita,
1301 2626 1350 2654 s'r
1379 2614 1436 2664 b2‚
1471 2615 1567 2655 cod.
1605 2616 1648 2655 S.

150 2675 290 2718 vica:
322 2678 426 2727 iam,
451 2693 493 2718 ω.
553 2679 620 2719 26.
649 2691 835 2729 persona
854 2692 1078 2730 causaque,
1105 2690 1180 2719 ST:
1212 2692 1357 2728 causa,
1382 2695 1424 2720 ω.
