1820 2956
158 139 218 186 36
591 138 722 187 PRO
757 138 822 187 A.
865 138 1224 190 OLUENTIO.

157 271 399 320 audiatis:
459 271 680 335 profecto
739 272 863 320 nihil
911 290 939 321 a
987 290 1064 322 me
1123 273 1315 322 dicetur
1373 274 1506 338 quod
1553 291 1653 322 non

157 352 362 417 dignum
409 353 501 401 hoc
560 359 807 401 conventu
867 361 917 402 et
963 354 1174 414 silentio,
1225 354 1430 419 dignum
1477 355 1653 403 vestris

125 434 335 505 ‘studiis
371 439 520 497 atque
558 434 759 482 auribus
796 451 899 483 esse
935 435 1176 484 videatur.

223 515 354 563 Nam
379 521 436 562 ut
460 514 674 578 primum
702 514 1005 579 Oppianicus
1030 533 1091 565 ex
1117 533 1174 565 eo
1199 516 1331 580 quod
1357 516 1656 565 Scamander

66 569 76 609 l
156 612 266 644 reus
292 601 397 644 erat
423 596 579 644 factus
605 595 726 659 quid
751 596 844 645 sibi
869 596 1180 660 impenderet,
1205 598 1366 662 coepit
1401 598 1653 662 suspicari,

157 676 326 725 statim
376 692 426 725 se
475 676 538 725 ad
586 676 800 726 hominis
847 679 1051 741 egentis,
1104 679 1313 738 audacis,
1364 680 1415 727 in
1463 679 1656 728 iudiciis

68 791 81 798 κ
156 757 528 821 corrumpendis
566 759 837 818 exercitati,
882 764 990 807 tum
1026 765 1194 808 autem
1235 760 1423 822 iudicis,
1470 761 1655 809 Staieni

97 883 103 908 ,Κ
155 839 543 888 familiaritatem
593 840 873 903 applicavit.
971 841 1045 889 Ac
1091 842 1308 905 primum
1356 842 1656 891 Scamandro

100 909 112 983 ’ξ
156 937 238 969 reo
285 925 483 968 tantum
533 920 677 968 donis
724 921 1112 985 muneribusque
1165 923 1438 986 perfecerat
1490 930 1548 972 ut
1599 939 1657 971 eo

103 991 110 1032 ἶ
155 1002 347 1050 fautore
380 1007 607 1050 uteretur
640 1001 891 1066 cupidiore
925 994 1073 1066 quam
1107 1003 1228 1052 fides
1263 1003 1441 1052 iudicis
1478 1004 1659 1069 postul-

156 1084 282 1131 abat.
387 1084 510 1132 Post
569 1089 733 1132 autem
797 1101 909 1132 cum
969 1090 1096 1133 esset
1155 1084 1455 1134 Scamander
1512 1086 1659 1134 unius

157 1164 347 1213 Staieni
385 1165 634 1213 sententia
681 1165 948 1226 absolutus,
1000 1171 1237 1229 patronus
1285 1172 1450 1216 autem
1499 1167 1658 1216 Scam-

155 1245 296 1293 andri
337 1262 398 1293 ne
437 1262 525 1294 sua
563 1245 764 1309 quidem
806 1246 1054 1295 sententia
1099 1247 1351 1309 liberatus,
1393 1249 1658 1297 acrioribus

156 1327 305 1375 saluti
354 1343 471 1375 suae
518 1327 749 1375 remediis
793 1327 1186 1376 subveniendum
1229 1329 1439 1393 putavit.
1530 1329 1658 1377 Tum

155 1409 218 1457 ab
277 1407 494 1467 Staieno,
557 1409 684 1457 sicut
753 1409 815 1457 ab
885 1408 1084 1458 homine
1154 1409 1217 1458 ad
1276 1411 1658 1475 excogitandum

156 1490 454 1549 acutissimo,
495 1489 559 1537 ad
606 1489 891 1538 audendum
931 1489 1377 1553 impudentissimo,
1419 1491 1481 1540 ad
1520 1492 1658 1540 effici-

1687 1027 1734 1055 10

156 1570 340 1619 endum
391 1570 820 1619 acerrimo—haec
856 1571 989 1620 enim
1019 1571 1102 1620 ille
1133 1577 1184 1621 et
1212 1572 1377 1636 aliqua
1419 1589 1480 1621 ex
1518 1579 1658 1636 parte
1723 1625 1729 1627 ,

156 1652 373 1700 habebat
412 1658 463 1700 et
503 1651 687 1701 maiore
729 1669 792 1701 ex
834 1658 973 1716 parte
1016 1669 1066 1700 se
1109 1652 1289 1702 habere
1328 1653 1659 1702 simulabat—

156 1732 397 1781 auxilium
423 1733 575 1796 capiti
601 1749 655 1780 ac
681 1733 896 1781 fortunis
921 1732 1021 1781 suis
1050 1739 1217 1797 petere
1246 1734 1419 1797 coepit.
1494 1733 1655 1783 XXV.

157 1815 262 1864 Iam
287 1814 379 1863 hoc
403 1831 503 1862 non
533 1814 787 1878 ignoratis,
815 1814 1019 1875 iudices,
1047 1820 1103 1862 ut
1133 1815 1284 1863 etiam
1313 1816 1500 1864 bestiae
1530 1817 1659 1866 fame

155 1896 374 1944 monitae
423 1895 712 1960 plerumque
759 1895 822 1944 ad
865 1912 978 1944 eum
1019 1895 1180 1944 locum
1223 1896 1307 1945 ubi
1348 1903 1517 1961 pastae
1559 1899 1659 1946 sint

69 1986 134 2038 68
157 1976 424 2040 aliquando
465 1982 790 2025 revertantur.
884 1976 1114 2025 Staienus
1161 1977 1243 2026 ille
1284 1977 1485 2027 biennio
1527 1985 1655 2038 ante,

157 2074 269 2106 cum
308 2074 503 2106 causam
541 2058 785 2105 bonorum
825 2057 979 2106 Safini
1017 2058 1213 2107 Atellae
1251 2059 1526 2123 recepisset,
1565 2076 1658 2108 ses-

158 2139 312 2187 centis
364 2138 567 2187 milibus
618 2155 880 2187 nummum
928 2155 978 2188 86
1026 2139 1264 2188 iudicium
1297 2129 1657 2205 'corrupturum

158 2236 261 2269 6886
305 2219 530 2268 dixerat:
586 2236 711 2288 quae
765 2236 877 2268 cum
930 2221 1198 2285 accepisset
1238 2239 1267 2270 a
1311 2222 1502 2286 pupillo
1549 2240 1658 2287 sup-

157 2301 349 2364 pressit,
400 2300 682 2364 iudicioque
729 2301 859 2349 facto
906 2318 995 2350 nec
1044 2301 1228 2351 Safinio
1275 2320 1364 2352 nec
1415 2304 1658 2353 bonorum

212 2474 250 2512 8.
284 2472 531 2523 applicavit,
563 2483 625 2512 M:
656 2485 697 2524 se
726 2472 975 2523 applicavit,
1009 2484 1086 2513 STF
1116 2475 1203 2523 (see
1231 2473 1404 2524 Notes).
1465 2476 1502 2516 9.
1535 2477 1658 2516 donis

158 2537 480 2588 muneribusque
520 2538 606 2586 (see
642 2536 826 2587 Notes):
871 2538 994 2577 donis
1030 2538 1145 2578 datis
1178 2539 1513 2591 muneribusque,
1550 2552 1659 2580 FMW

160 2601 425 2650 (Faussett):
470 2601 585 2650 datis
610 2601 866 2650 muneribus,
892 2613 940 2642 s'r
974 2602 1060 2642 and
1088 2603 1187 2643 edd.
1260 2605 1321 2644 10.
1354 2605 1546 2654 fautore,
1581 2616 1655 2645 ST:

160 2671 342 2714 auctore,
376 2681 418 2705 ω.
489 2666 555 2706 20.
597 2665 733 2715 Nam,
771 2666 998 2719 Pluygers.
1069 2668 1135 2707 21.
1173 2668 1371 2716 monitae,
1408 2680 1484 2708 s'r:
1524 2669 1656 2710 domi-

158 2735 300 2778 nante,
325 2745 354 2768 ω
375 2732 458 2783 (cp.
483 2733 587 2770 note
607 2743 663 2770 on
683 2731 819 2779 domo,
842 2731 965 2781 527).
1026 2731 1124 2781 siut,
1148 2746 1204 2772 w:
1234 2738 1343 2782 sunt,
1367 2743 1402 2773 s.

1682 1838 1735 1867 20
