1858 2956
629 147 760 196 PRO
796 149 860 196 A.
903 147 980 195 CL
992 146 1260 196 UENTIO.
1595 148 1685 195 107

197 296 301 329 esse
346 280 399 328 in
446 280 576 329 hunc
624 279 1020 329 benevolentiam
1063 281 1421 330 confirmamus.
1497 279 1688 328 Horum
1714 276 1813 329 199

196 360 417 409 omnium
452 360 692 420 studium,
730 377 910 421 curam,
947 360 1272 426 diligentiam,
1300 377 1563 425 meumque
1593 377 1692 410 una

195 440 425 501 laborem,
475 442 560 505 qui
608 447 766 490 totam
812 442 940 490 hanc
988 459 1183 491 causam
1231 449 1399 492 vetere
1458 443 1691 491 instituto

147 567 150 571 .
195 522 326 571 solus
383 523 625 587 peroravi,
685 530 999 587 vestramque
1057 524 1218 583 simul,
1267 523 1469 583 iudices,
1529 524 1691 587 aequi-

146 618 170 663 5
197 610 349 653 tatem
385 609 436 653 et
470 604 903 653 mansuetudinem
940 621 1040 653 una
1077 612 1237 654 mater
1278 610 1546 669 oppugnat.
1620 605 1692 653 At

194 702 318 749 quae
365 689 547 734 mater‘l
623 685 782 746 Quam
831 702 1023 734 caecam
1071 686 1365 735 crudelitate
1413 692 1464 735 et
1512 686 1690 735 scelere

193 766 309 814 ferri
334 765 545 827 videtis;
598 767 735 815 cuius
777 766 1102 831 cupiditatem
1141 767 1280 816 nulla
1317 783 1553 831 umquam
1591 772 1693 815 tur-

191 846 368 910 pitudo
408 847 682 896 retardavit
698 867 712 909 3
762 864 887 912 quae
925 848 1062 896 vitiis
1100 848 1252 896 animi
1299 848 1352 896 in
1400 848 1690 897 deterrimas

192 934 356 990 partes
403 927 512 977 iura
558 927 819 977 hominum
877 929 1124 977 convertit
1183 929 1379 990 omnia5
1439 929 1576 977 cuius
1635 945 1691 978 ea

122 1027 171 1056 10
193 1007 409 1056 stultitia
443 1013 519 1058 est
555 1015 612 1057 ut
648 1026 755 1058 eam
790 1026 936 1058 nemo
973 1009 1240 1070 hominem,
1274 1026 1332 1059 ea
1356 1010 1431 1058 vis
1455 1016 1513 1058 ut
1544 1026 1690 1058 nemo

192 1088 442 1150 feminam,
483 1106 542 1139 ea
582 1090 850 1139 crudelitas
891 1096 949 1139 ut
989 1107 1136 1139 nemo
1184 1096 1394 1140 matrem
1441 1091 1689 1155 appellare

192 1169 361 1235 possit.
434 1166 603 1235 Atque
651 1171 803 1220 etiam
851 1172 1054 1221 nomina
1100 1172 1538 1233 necessitudinum,
1588 1189 1689 1221 non

192 1251 350 1300 solum
378 1257 586 1301 naturae
611 1269 794 1302 nomen
826 1258 877 1302 et
911 1253 1019 1301 iura
1054 1253 1482 1313 mutavit‚—uxor
1504 1253 1687 1317 generi,

190 1348 402 1381 noverca
440 1332 543 1392 filii,
584 1333 716 1382 filiae
754 1333 928 1397 pelex;
981 1350 1038 1382 eo
1079 1333 1178 1382 iam
1219 1333 1434 1398 denique
1476 1333 1691 1382 adducta

120 1428 166 1471 15
192 1418 266 1461 est
306 1419 364 1462 ut
406 1413 500 1462 sibi
540 1420 738 1478 praeter
777 1415 986 1463 formam
1027 1414 1154 1463 nihil
1201 1414 1263 1463 ad
1311 1414 1690 1464 similitudinem

190 1493 404 1543 hominis
438 1495 714 1545 reservarit.

258 1575 368 1636 Qua
391 1593 457 1636 re,
485 1576 684 1638 iudices,
713 1577 754 1625 si
791 1577 947 1626 scelus
985 1576 1173 1637 odistis,
1200 1577 1462 1641 prohibete
1498 1577 1691 1626 aditum
1713 1574 1813 1627 200

189 1657 362 1706 matris
387 1674 416 1707 a
439 1657 529 1706 filii
554 1658 806 1722 sanguine,
836 1658 951 1707 date
976 1658 1171 1722 parenti
1196 1658 1329 1707 hunc
1347 1658 1690 1707 incredibilem

190 1738 410 1787 dolorem
457 1756 520 1788 ex
568 1739 742 1798 salute,
793 1756 856 1788 ex
903 1740 1111 1789 victoria
1159 1740 1401 1801 liberum3
1459 1740 1690 1804 patimini

115 1835 168 1863 20
189 1827 413 1881 matrem,
442 1837 504 1869 ne
534 1821 709 1869 orbata
739 1820 841 1870 filio
870 1820 1098 1881 laetetur,
1126 1821 1309 1870 victam
1337 1821 1502 1885 potius
1526 1828 1692 1870 vestra

189 1901 439 1965 aequitate
497 1901 763 1951 discedere.
838 1901 927 1950 Sin
987 1908 1167 1962 autem,
1222 1901 1276 1951 id
1333 1902 1467 1966 quod
1526 1907 1691 1950 vestra

189 1990 367 2032 natura
424 1983 657 2048 postulat,
714 1983 970 2047 pudorem,
1022 1984 1300 2044 veritatem,
1351 1985 1690 2048 virtutemque

190 2063 410 2128 diligitis,
452 2065 614 2114 levate
652 2065 785 2114 hunc
827 2065 1095 2129 aliquando
1143 2064 1415 2129 supplicem
1452 2072 1687 2126 vestrum,

189 2145 389 2204 iudices,
434 2151 511 2195 tot
548 2163 704 2194 annos
741 2145 795 2194 in
832 2146 957 2194 falsa
993 2146 1184 2194 invidia
1221 2146 1550 2210 periculisque
1588 2163 1693 2195 ver-

116 2234 165 2278 25
190 2231 365 2286 satum,
394 2226 480 2290 qui
509 2243 641 2275 nunc
670 2226 889 2290 primum
908 2233 1021 2290 post
1045 2226 1183 2275 illam
1208 2227 1457 2275 flammam
1483 2227 1691 2276 aliorum

190 2306 320 2356 facto
356 2313 406 2356 et
442 2307 715 2372 cupiditate
752 2308 1021 2357 excitatam
1057 2325 1144 2372 spe
1181 2314 1375 2357 vestrae
1423 2309 1690 2372 aequitatis

191 2388 375 2453 erigere
414 2389 634 2438 animum
672 2395 723 2438 et
761 2389 963 2453 paulum
1001 2389 1244 2453 respirare
1282 2405 1311 2437 a
1342 2395 1480 2437 metu
1513 2389 1686 2453 coepit,

191 2470 270 2518 cui
316 2470 479 2534 posita
525 2477 644 2519 sunt
701 2471 753 2518 in
800 2470 943 2519 vobis
1002 2470 1180 2530 omnia,
1232 2486 1380 2533 quem
1440 2477 1690 2519 servatum

248 2663 282 2703 1.
309 2663 480 2703 Horum
500 2662 699 2713 omn'ium,
721 2678 771 2703 w:
795 2662 982 2703 omnium
1003 2662 1165 2710 horum,
1186 2674 1246 2702 ST.
1302 2663 1363 2702 15.
1389 2668 1446 2711 uc,
1469 2678 1519 2703 w:
1549 2665 1623 2713 uti,
1647 2674 1687 2705 Τ.

195 2731 255 2770 16.
280 2736 524 2779 reservaret,
548 2742 610 2770 ΞΤ.
669 2732 734 2771 22.
760 2730 991 2779 veritatem,
1015 2741 1090 2770 ST:
1121 2729 1359 2779 bonitatem,
1383 2745 1424 2770 ω.
