1820 2956
153 162 180 207 2
584 159 714 208 PRO
754 158 817 208 A.
863 157 1210 208 C'LUENTIO.

149 293 358 353 iudiciis,
409 293 653 358 perspicio
701 299 945 356 quantum
991 293 1043 340 in
1089 292 1282 361 agendo
1339 291 1646 341 difficultatis

96 375 129 426 3
151 380 202 422 et
237 380 481 438 quantum
517 374 699 421 laboris
736 374 802 421 sit
834 373 1079 422 habitura.
1154 373 1252 422 Sed
1287 373 1340 422 in
1377 373 1466 422 hac
1498 373 1647 422 diffic-

149 455 310 504 ultate
348 455 433 503 illa
471 471 549 503 me
590 471 668 502 res
710 462 892 514 tamen,
932 455 1136 517 iudices,
1176 455 1474 514 consolatur,
1511 455 1645 519 quod

150 553 238 585 vos
279 536 341 584 de
385 535 673 584 criminibus
721 536 789 584 sic
836 535 1008 584 audire
1051 536 1324 584 consuestis
1370 543 1429 584 ut
1476 552 1644 584 eorum

151 618 373 666 omnium
409 617 787 665 dissolutionem
823 617 886 665 ab
922 624 1118 666 oratore
1155 618 1417 680 quaeratis,
1452 623 1511 665 ut
1546 634 1645 666 non
1699 637 1721 680 5

151 699 448 747 existimetis
483 698 597 762 plus
621 715 710 747 vos
745 698 809 746 ad
845 698 1058 747 salutem
1093 714 1178 747 reo
1213 698 1382 763 largiri
1418 705 1646 763 oportere

151 797 300 845 quam
339 788 583 844 quantum
625 779 856 828 defensor
897 779 1169 845 purgandis
1210 780 1497 828 criminibus
1539 797 1647 829 con-

150 863 290 927 sequi
326 868 377 911 et
411 861 622 910 dicendo
655 861 864 926 probare
893 861 1145 924 potuerit:
1180 860 1242 909 de
1266 860 1455 909 invidia
1478 867 1646 910 autem

150 944 218 992 sic
252 944 385 991 inter
408 959 495 991 vos
532 942 809 1006 disceptare
845 942 1038 991 debetis
1074 947 1133 990 ut
1167 958 1266 990 non
1297 941 1418 1005 quid
1453 942 1647 990 dicatur

149 1042 179 1073 a
207 1025 362 1085 nobiS,
391 1024 477 1072 sed
510 1023 631 1088 quid
665 1030 895 1087 oporteat
925 1023 1023 1071 dici
1056 1023 1390 1072 consideretis.
1462 1023 1648 1088 Agitur
1674 1043 1723 1072 10

151 1107 283 1155 enim
318 1107 377 1154 in'
408 1105 694 1154 criminibus
730 1105 790 1153 A.
827 1105 1029 1153 Cluenti
1063 1105 1318 1169 proprium
1355 1105 1642 1169 periculum,

149 1189 201 1236 in
232 1188 423 1237 invidia
458 1204 604 1235 causa
641 1187 928 1236 communis.
1003 1186 1163 1247 Quam
1199 1187 1264 1235 ob
1298 1203 1403 1235 rem
1436 1187 1646 1236 alteram

150 1276 342 1333 partem
378 1285 552 1317 causae
589 1268 656 1316 sic
692 1284 894 1333 agemus
926 1273 985 1316 ut
1012 1284 1100 1316 vos
1135 1267 1411 1327 doceamus,
1439 1267 1646 1317 alteram

150 1351 217 1399 sic
263 1356 322 1399 ut
367 1366 594 1409 oremus3
652 1349 705 1397 in
763 1349 918 1397 altera
975 1348 1236 1413 diligentia
1281 1356 1448 1399 vestra
1504 1350 1646 1399 nobis

150 1431 467 1497 adiungenda
514 1437 602 1491 est,
646 1431 697 1478 in
741 1430 897 1478 altera
942 1430 1065 1479 fides
1111 1430 1452 1494 imploranda;
1501 1448 1646 1481 nemo
1674 1450 1721 1494 15

151 1520 227 1562 est
268 1512 405 1561 enim'
447 1513 534 1576 qui
581 1512 799 1560 invidiae
847 1512 953 1560 sine
1001 1517 1168 1561 vestro
1214 1529 1270 1560 ac
1317 1513 1423 1561 sine
1468 1513 1646 1561 talium

95 1603 128 1652 4
150 1596 367 1644 virorum
417 1593 638 1643 subsidio
684 1593 841 1657 possit
885 1593 1127 1642 resistere.
1218 1593 1465 1657 Equidem
1512 1595 1646 1658 quod

150 1676 212 1725 ad
245 1693 324 1724 me
356 1675 554 1735 attinet,
581 1691 681 1739 quo
709 1691 787 1722 me
813 1681 1005 1723 vertam
1029 1674 1205 1723 nescio.
1279 1674 1328 1722 N
1332 1691 1471 1740 egem
1495 1675 1645 1724 fuisse

149 1757 286 1806 illam
323 1756 579 1804 infamiam
617 1755 788 1804 iudicii
831 1756 1088 1820 corrupti?
1144 1772 1322 1820 negem
1363 1773 1468 1806 esse
1508 1757 1645 1806 illam

150 1856 255 1887 rem
296 1838 535 1903 agitatam
582 1837 634 1885 in
682 1836 1010 1895 contionibus,
1054 1837 1289 1886 iactatam
1335 1838 1387 1886 in
1433 1838 1642 1901 iudiciis,
1670 1862 1723 1890 20

151 1925 584 1970 commemoratam
608 1919 661 1966 in
697 1919 910 1967 senatu?
956 1918 1166 1967 evellam
1201 1935 1265 1967 ex
1298 1919 1477 1968 animis
1512 1921 1647 1969 hom-

149 2003 289 2050 inum
324 2006 520 2048 tantam
561 1999 859 2062 opinionem,
902 2006 1008 2047 tam
1047 2000 1248 2063 penitus
1286 2000 1501 2059 insitam,
1542 2008 1646 2050 tam

150 2089 401 2132 vetustam
421 2083 447 2130 2·
506 2081 622 2129 Non
669 2086 745 2129 est
790 2081 949 2129 nostri
995 2081 1212 2145 ingenii:
1271 2083 1425 2131 vestri
1471 2084 1646 2133 auxilii

150 2171 239 2224 est,
274 2163 474 2223 iudices,
511 2162 659 2210 huius
693 2162 1007 2211 innocentiae
1043 2163 1112 2211 sic
1147 2163 1199 2211 in
1235 2163 1325 2211 hac
1361 2164 1646 2214 calamitosa

149 2247 280 2295 fama
322 2244 464 2308 quasi
506 2244 557 2292 in
599 2243 766 2307 aliqua
805 2244 1223 2307 perniciosissima
1258 2245 1457 2294 flamma
1493 2253 1644 2311 atque
1669 2268 1719 2312 25

149 2329 201 2377 in
238 2326 488 2376 communi
523 2325 752 2374 incendio
788 2326 1067 2375 subvenire.

94 2421 126 2471 5
217 2409 282 2458 ΙΙ.
322 2409 522 2457 Etenim
561 2408 689 2456 sicut
726 2407 834 2456 aliis
875 2408 927 2455 in
967 2407 1087 2457 locis
1127 2425 1303 2473 parum
1345 2410 1642 2460 firmamenti

149 2497 201 2540 et
234 2507 412 2555 parum
441 2489 623 2538 virium
648 2489 831 2538 veritas
867 2489 1032 2549 habet,
1068 2490 1136 2539 sic
1168 2490 1220 2538 in
1253 2490 1344 2539 hoc
1379 2490 1486 2540 loco
1521 2492 1644 2542 falsa

201 2682 238 2720 2.
264 2680 310 2720 in
330 2680 422 2728 hac,
446 2678 562 2720 Psl'r:
593 2679 640 2719 in
658 2679 737 2719 hac
756 2684 892 2728 tanta,
917 2694 959 2719 ω.
1021 2681 1058 2719 5.
1082 2680 1283 2729 omnium,
1316 2692 1370 2721 P:
1401 2694 1575 2732 omnem,
1594 2697 1636 2724 ω.

149 2749 186 2788 9.
219 2748 329 2788 inter
347 2761 429 2796 vos,
454 2759 555 2787 serr:
586 2747 695 2787 inter
707 2759 795 2796 nos,
813 2759 891 2787 PM.
955 2748 1016 2787 19.
1050 2759 1146 2796 esse,
1170 2761 1251 2788 om.
1277 2747 1387 2789 dett.
