1820 2956
150 130 179 175 8
579 130 708 180 PRO
748 131 812 180 A.
855 132 1202 182 CLUE'NTIO.

146 277 230 310 um
282 263 503 311 omnium
554 263 659 312 fore
709 264 1002 315 videbatur!
1087 266 1315 315 Discedit
1364 285 1394 316 a
1446 267 1636 317 Melino

146 341 388 403 Cluentia,
425 351 483 392 ut
518 344 570 392 in
606 345 760 393 tantis
796 346 991 395 iniuriis
1027 363 1126 396 non
1162 348 1336 406 invita,
1370 354 1430 396 ut
1466 366 1495 397 a
1527 349 1636 398 viro

145 440 243 472 non
285 423 510 473 libenter.
585 425 713 473 Tum
755 443 873 475 vcro
914 427 1000 475 illa
1047 429 1243 493 egregia
1290 435 1340 476 et
1386 429 1637 493 praeclara

143 511 302 554 mater
348 505 512 569 palam
554 506 805 555 exsultare
846 507 1052 566 laetitia,
1095 508 1406 573 triumphare
1453 509 1636 573 gaudio

143 586 318 650 coepit,
363 587 545 636 victrix
591 587 720 635 filiae
767 604 866 636 non
912 588 1147 636 libidinis.
1220 589 1398 652 Itaque
1444 589 1635 637 diutius
1688 610 1714 655 5

143 668 504 732 suspicionibus
558 669 776 717 obscuris
830 669 960 718 laedi
1018 669 1200 718 famam
1258 687 1398 718 suam
1457 670 1631 719 noluit.

141 748 348 797 Lectum
394 749 536 797 illum
583 750 839 814 genialem,
891 766 1040 814 quem
1089 751 1290 800 biennio
1338 757 1457 800 ante
1505 751 1635 799 filiae

142 846 258 878 suae
300 830 509 878 nubenti
550 835 810 890 straverat,
853 831 907 879 in
932 831 1106 880 eadem
1146 832 1295 881 domo
1336 832 1431 880 sibi
1471 832 1636 881 ornari

141 916 193 959 et
223 911 379 959 sterni
413 911 621 975 expulsa
656 918 806 975 atque
844 913 1112 961 exturbata
1146 912 1247 961 filia
1282 913 1451 962 iubet:
1490 913 1636 961 nubit

139 1008 322 1056 genero
369 1009 538 1041 socrus
585 993 735 1041 nullis
782 994 1080 1058 auspicibus,
1131 993 1281 1042 nullis
1333 994 1631 1054 auctoribus,
1664 1015 1714 1044 10

52 1069 116 1120 15
138 1074 350 1122 funestis
399 1074 646 1123 ominibus
694 1075 930 1124 omnium.
1003 1074 1090 1124 VI.
1132 1075 1175 1124 O
1213 1074 1435 1124 mulieris
1477 1074 1635 1123 scelus

139 1155 427 1204 incredibile
470 1163 521 1204 et
562 1161 760 1219 praeter
800 1156 927 1204 hanc
966 1173 1119 1205 unam
1158 1156 1212 1204 in
1255 1157 1390 1205 omni
1426 1156 1531 1204 vita
1565 1156 1636 1204 in-

138 1236 396 1285 auditum!
444 1253 474 1286 o
508 1236 769 1285 libidinem
811 1238 1102 1286 effrenatam
1137 1244 1190 1286 et
1229 1237 1557 1286 indomitam!
1605 1254 1635 1287 o

137 1317 394 1367 audaciam
442 1317 774 1383 singularem!
865 1317 1047 1367 Nonne
1093 1318 1332 1379 timuisse,
1383 1319 1426 1367 si
1470 1319 1634 1367 minus

137 1399 239 1447 vim
286 1398 495 1448 deorum
542 1399 899 1463 hominumque
946 1400 1142 1459 famam,
1190 1406 1245 1449 at
1289 1400 1428 1449 illam
1474 1400 1634 1464 ipsam
1662 1419 1711 1463 15

137 1486 332 1529 noctem
356 1480 586 1544 facesque
614 1480 724 1530 illas
757 1480 1036 1546 nuptiales!
1072 1498 1171 1530 non
1204 1481 1358 1530 limen
1390 1481 1634 1530 cubiculi!

136 1578 237 1610 non
300 1561 461 1610 cubile
519 1561 679 1610 filiae!
754 1578 854 1611 non
923 1562 1138 1626 parietes
1201 1562 1416 1626 denique
1484 1563 1630 1628 ipsos,

136 1643 448 1707 superiorum
500 1649 655 1692 testes
713 1644 1033 1708 nuptiarum!
1125 1643 1374 1708 Perfregit
1422 1661 1478 1693 ac
1524 1661 1632 1708 pro-

137 1725 316 1774 stravit
357 1725 522 1774 omnia
564 1724 839 1790 cupiditate
879 1742 936 1773 ac
977 1725 1174 1774 furore:
1227 1725 1349 1774 vicit
1389 1724 1633 1789 pudorem

47 1805 113 1857 16
135 1806 306 1866 libido,
349 1807 581 1855 timorem
627 1806 847 1866 audacia,
897 1806 1144 1855 rationem
1189 1806 1420 1855 amentia.
1493 1806 1634 1855 Tulit
1657 1829 1710 1858 20

135 1887 227 1936 hoc
274 1904 535 1936 commune
582 1887 797 1936 dedecus
843 1887 1073 1947 familiae,
1125 1887 1446 1952 cognationis,
1498 1904 1632 1936 nom-

133 1969 230 2018 inis
271 1969 491 2033 graviter
531 1968 693 2029 filius3
728 1969 1006 2033 augebatur
1045 1974 1215 2017 autem
1257 1969 1362 2017 eius
1404 1968 1632 2018 molestia

134 2049 397 2098 cotidianis
456 2049 778 2113 querimoniis
848 2056 899 2098 et
962 2049 1172 2099 adsiduo
1228 2050 1352 2098 fletu
1420 2051 1600 2099 sororis
1617 2069 1631 2112 3

134 2130 315 2179 statuit
354 2135 524 2178 tamen
565 2129 691 2177 nihil
732 2130 828 2178 sibi
868 2131 921 2178 in
962 2131 1118 2179 tantis
1158 2131 1353 2179 iniuriis
1394 2148 1450 2180 ac
1487 2138 1630 2181 tanto

133 2212 314 2261 scelere
365 2212 540 2260 matris
599 2211 800 2276 gravius
859 2228 966 2260 esse
1022 2212 1304 2261 faciendum
1363 2229 1514 2276 quam
1572 2221 1631 2263 ut
1655 2233 1704 2275 25

132 2294 216 2342 illa
242 2310 303 2342 ne
341 2299 581 2352 uteretur,
618 2309 694 2350 ne,
723 2309 850 2356 quae
889 2293 1059 2342 videre
1099 2294 1205 2342 sine
1244 2310 1437 2343 summo
1475 2295 1629 2343 animi

131 2375 302 2424 dolore
360 2391 461 2423 non
507 2380 719 2439 poterat,
782 2390 852 2453 ea,
914 2374 955 2423 si
1013 2382 1173 2424 matre
1235 2382 1477 2437 uteretur,
1528 2393 1628 2426 non

184 2521 222 2560 5.
259 2520 409 2571 Itaque
428 2518 588 2558 diutius
609 2534 638 2557 ω
658 2534 667 2558 :
698 2518 861 2558 diucius
879 2530 928 2558 εἰ*
950 2520 1036 2568 (see
1057 2519 1226 2569 Notes).
1291 2521 1353 2560 14.
1380 2520 1579 2569 timuisse,
1599 2537 1630 2561 ω

131 2585 218 2624 and
247 2584 395 2632 Quint.
431 2583 487 2622 iv.
521 2583 561 2631 2,
598 2583 699 2623 105:
740 2583 933 2632 timuisti,
966 2594 1026 2623 ST.
1088 2584 1153 2624 21.
1178 2583 1396 2634 familiae,
1429 2596 1503 2625 ST:
1540 2585 1628 2625 iam

121 2648 338 2700 familiae,
363 2663 393 2687 ω
414 2649 495 2699 (cp.
521 2650 565 2696 ἓξ
590 2648 657 2696 90,
683 2648 789 2696 106).
850 2648 915 2687 25.
941 2660 1034 2695 esse,
1060 2658 1109 2687 ΒΤ
1129 2647 1200 2688 b2:
1232 2662 1313 2689 om.
1341 2665 1383 2689 ω.
1444 2651 1509 2690 26.
1538 2650 1623 2699 illa,

131 2724 199 2753 S'r:
223 2713 299 2752 illa
318 2717 466 2760 matre,
484 2727 524 2751 ω.
577 2724 626 2750 ne
647 2724 768 2762 quae,
786 2710 1022 2751 Garatoni:
1041 2725 1236 2763 namque,
1255 2724 1326 2753 ST:
1348 2725 1398 2753 ne
1418 2726 1560 2764 quam,
1582 2729 1621 2753 ω.
