1858 2956
96 963 145 991 10

95 1367 142 1409 15

93 1775 146 1804 20

601 106 733 157 PRO
767 107 832 156 A.
874 106 952 155 CL
967 104 1233 155 UENTIO.
1600 101 1661 151 73

235 242 417 292 XLIX.
458 243 529 291 At
565 242 695 291 enim
732 245 932 289 senatus
969 239 1229 287 universus
1262 237 1504 286 iudicavit
1538 236 1658 284 illud
1686 232 1786 285 136

169 330 452 389 corruptum
506 339 609 372 esse
662 321 912 370 iudicium.
1001 320 1110 381 Quo
1157 319 1336 368 modo‘l
1436 317 1663 380 Suscepit

167 422 376 454 causam.
472 406 552 452 An
613 403 775 468 potuit
832 419 936 451 rem
995 401 1208 451 delatam
1263 400 1367 449 eius
1414 398 1549 448 modi
1595 415 1663 446 re-

166 487 408 551 pudiare?
446 503 554 534 cum
593 485 826 533 tribunus
863 483 1019 547 plebis
1058 481 1240 547 populo
1279 481 1524 530 concitato
1560 496 1660 528 rem

168 585 321 632 paene
346 567 410 616 ad
433 583 608 615 manus
633 571 924 624 revocasset,
952 581 1063 612 cum
1092 563 1170 612 vir
1198 563 1415 627 optimus
1441 567 1491 610 et
1515 561 1661 610 homo

166 649 599 698 innocentissimus
634 647 845 711 pecunia
881 646 1245 695 circumventus
1272 661 1375 692 esse
1401 643 1658 703 diceretur,

167 747 280 779 cum
320 729 511 779 invidia
550 729 782 794 flagraret
825 727 945 776 ordo
993 727 1286 784 senatorius,
1331 725 1497 790 potuit
1538 723 1663 772 nihil

167 811 400 861 decerni‘l
458 810 623 875 potuit
680 810 767 858 illa
829 808 1094 858 concitatio
1156 806 1499 856 multitudinis
1558 806 1663 853 sine

167 909 359 941 summo
406 891 624 956 periculo
670 891 742 939 rei
789 890 1014 954 publicae
1061 888 1348 953 repudiari?
1424 887 1496 935 At
1542 886 1663 950 quid

168 981 243 1023 est
279 973 568 1022 decretum‘l
615 989 763 1036 quam
800 972 960 1020 iuste!
1008 987 1159 1034 quam
1198 969 1478 1033 sapienter!
1515 985 1663 1032 quam

167 1055 461 1120 diligenter!
502 1066 551 1103 SI
585 1066 679 1110 QUI
713 1065 853 1102 SUNT
883 1064 1112 1109 QUORUM
1142 1062 1318 1100 OPERA
1343 1063 1559 1100 FAo'rUM
1584 1063 1664 1098 SIT

166 1150 236 1186 UT
283 1148 542 1185 IUDIOIUM
589 1147 866 1184 PUBLIOUM
913 1145 1398 1184 CORRUMPERETUR.
1477 1131 1664 1181 Utrum

167 1218 366 1267 videtur
388 1218 440 1266 id
467 1224 667 1266 senatus
701 1217 887 1265 factum
923 1215 1152 1274 iudicare,
1182 1231 1259 1274 an,
1288 1214 1328 1263 si
1365 1214 1551 1262 factum
1584 1213 1662 1273 sit,

167 1300 372 1349 moleste
418 1299 734 1364 graviterque
781 1298 945 1347 ferre?
1038 1295 1092 1345 Si
1138 1296 1243 1359 ipse
1291 1295 1351 1344 A.
1401 1293 1665 1345 Cluentius

167 1381 466 1431 sententiam
506 1380 569 1429 de
609 1379 806 1428 iudiciis
847 1383 1116 1443 rogaretur,
1154 1377 1301 1426 aliam
1341 1394 1441 1425 non
1480 1376 1666 1426 diceret

166 1468 315 1527 atque
350 1462 388 1510 ii
423 1462 659 1510 dixerunt
695 1453 906 1525 quorum
941 1459 1202 1508 sententiis
1233 1459 1518 1508 Cluentium
1557 1474 1667 1507 con-

168 1545 459 1594 demnatum
506 1559 610 1592 esse
658 1541 834 1591 dicitis.
924 1541 1022 1590 Sed
1069 1558 1253 1606 quaero
1295 1557 1324 1589 a
1364 1540 1505 1589 vobis
1547 1557 1662 1588 num
1691 1534 1789 1587 137

168 1626 314 1675 istam
361 1626 518 1690 legem
562 1642 626 1674 ex
667 1624 764 1673 isto
807 1629 1009 1672 senatus
1057 1622 1283 1672 consulto
1331 1622 1385 1671 L.
1431 1621 1666 1670 Lucullus

169 1707 352 1768 consul,
380 1707 529 1756 homo
564 1705 973 1770 sapientissimus,
1006 1704 1191 1763 tulerit,
1231 1721 1352 1752 num
1389 1720 1519 1752 anno
1555 1710 1667 1767 post

170 1789 237 1838 M.
288 1789 524 1838 Lucullus
566 1793 617 1837 et
660 1788 712 1837 C.
759 1787 972 1847 Cassius,
1018 1786 1069 1834 in
1117 1803 1241 1850 quos
1288 1793 1395 1834 tum
1444 1785 1666 1834 consules

147 1871 450 1936 'designatos
507 1869 638 1918 idem
698 1868 822 1918 illud
880 1874 1080 1917 senatus
1138 1868 1460 1916 decreverat?
1550 1866 1667 1915 Non

95 2179 146 2222 25

170 1952 424 2013 tulerunt3
476 1958 528 2001 et
567 1951 701 2015 quod
743 1956 800 2000 tu
848 1950 1025 1999 Habiti
1075 1949 1283 2013 pecunia
1328 1949 1517 1997 factum
1564 1965 1668 1997 esse

170 2034 333 2099 arguis
357 2050 516 2098 neque
541 2033 593 2081 id
619 2032 721 2082 ulla
756 2031 1046 2081 tenuissima
1080 2030 1357 2094 suspicione
1394 2031 1666 2091 confirmas,

169 2116 355 2164 factum
402 2120 478 2164 est
525 2114 739 2179 primum
787 2113 987 2162 illorum
1033 2113 1285 2177 aequitate
1332 2118 1382 2161 et
1428 2113 1671 2176 sapientia

170 2196 441 2256 consulum,
486 2202 544 2245 ut
583 2195 649 2254 id,
694 2194 828 2260 quod
870 2200 1069 2243 senatus
1117 2194 1403 2243 decreverat
1443 2193 1507 2243 ad
1546 2194 1671 2243 illud

170 2277 387 2327 invidiae
412 2294 642 2342 praesens
668 2276 952 2325 incendium
976 2275 1402 2340 restinguendum,
1424 2275 1476 2324 id
1499 2282 1673 2339 postea

171 2359 430 2409 ferendum
457 2359 519 2408 ad
543 2358 783 2423 populum
808 2375 909 2406 non
935 2357 1325 2422 arbitrarentur:
1356 2357 1460 2421 ipse
1492 2357 1672 2407 deinde

172 2442 383 2507 populus
422 2441 689 2501 Romanus,
732 2439 818 2503 qui
857 2439 911 2488 L.
946 2439 1144 2500 Quincti
1188 2439 1315 2487 fictis
1352 2439 1673 2503 querimoniis

227 2583 264 2623 6.
299 2582 600 2622 circumventus
626 2593 722 2628 esse,
747 2594 802 2620 w:
834 2578 1151 2628 circumventus,
1176 2590 1225 2619 εἰ·
1251 2580 1334 2631 (cp.
1359 2581 1402 2628 §§
1425 2580 1487 2627 16,
1513 2581 1579 2628 23,
1604 2579 1670 2628 75,

175 2646 238 2694 77,
282 2647 362 2694 81).
437 2645 490 2688 27
495 2676 503 2685 .
536 2644 780 2695 ferendum,
824 2643 963 2684 Reid:
1008 2644 1291 2694 referendum,
1337 2655 1412 2683 S'r:
1461 2644 1672 2695 perferen·
1692 2657 1694 2660 ·

175 2712 291 2761 dum,
316 2726 356 2750 ω.
419 2711 483 2750 28.
511 2709 692 2759 Quincti,
717 2720 791 2749 ST:
823 2708 992 2758 Quincti
1011 2708 1333 2759 tribuniplebis,
1357 2723 1398 2749 ω.
