1858 2956
229 130 290 176 82
665 129 793 178 PRO
829 129 893 178 A.
938 129 1015 178 CL
1027 129 1295 180 UENTIO.

227 263 336 326 quis
361 279 597 326 umquam
632 263 723 311 hoc
759 269 958 311 senator
992 263 1253 322 accusavit,
1282 269 1338 312 ut
1363 281 1472 312 cum
1498 264 1723 314 altiorem

226 343 434 407 gradum
493 343 753 407 dignitatis
814 344 1053 393 beneficio
1113 344 1283 409 populi
1331 345 1544 394 Romani
1596 353 1724 395 esset

227 431 528 484 consecutus,
574 439 631 473 eo
674 440 724 472 se
770 431 972 488 putaret
1018 425 1300 474 durioribus
1347 425 1512 490 legum
1559 426 1724 475 condi-

226 506 448 554 cionibus
483 505 558 554 uti
595 507 859 569 oportere?
929 505 1089 566 Quam
1124 506 1282 554 multa
1317 499 1434 554 sunt
1469 507 1724 555 commoda

226 587 405 651 quibus
453 602 689 646 caremus,
739 603 890 650 quam
937 586 1096 636 multa
1153 587 1362 636 molesta
1409 594 1460 636 et
1507 586 1725 636 difficilia
1777 606 1799 650 5

226 685 350 732 quae
391 668 645 716 subimus!
700 674 849 731 atque
897 667 1017 716 haec
1065 667 1232 716 omnia
1278 674 1478 716 tantum
1524 667 1724 716 honoris

226 754 276 798 et
317 747 660 813 amplitudinis
707 748 966 797 commodo
1008 754 1402 812 compensantur.
1477 748 1724 797 Converte

226 849 356 881 nunc
393 832 455 880 ad
492 837 771 896 equestrem
808 831 1033 880 ordinem
1060 838 1208 895 atque
1234 831 1286 879 in
1312 838 1500 880 ceteros
1526 831 1724 880 ordines

225 913 423 962 easdem
463 913 596 962 vitae
638 912 980 962 condiciones:
1034 928 1135 961 non
1182 913 1445 976 perferent.
1535 912 1725 961 Putant

226 994 357 1043 enim
415 995 580 1042 minus
638 994 821 1042 multos
879 994 974 1042 sibi
1032 993 1234 1058 laqueos
1290 993 1456 1058 legum
1516 1000 1567 1042 et
1616 1011 1724 1043 con·
1753 1017 1801 1046 10

225 1076 478 1125 dicionum
524 1093 578 1124 ac
626 1075 920 1124 iudiciorum
980 1075 1261 1139 propositos
1319 1092 1423 1124 esse
1483 1081 1722 1140 oportere,

224 1158 308 1221 qui
367 1173 615 1205 summum
674 1156 835 1205 locum
895 1156 1113 1205 civitatis
1172 1162 1258 1205 aut
1305 1172 1405 1204 non
1452 1163 1725 1220 potuerunt

103 1236 195 1288 151
225 1238 487 1287 ascendere
526 1244 614 1286 aut
654 1254 756 1286 non
797 1237 1098 1301 petiverunt.
1187 1237 1357 1301 Atque
1396 1242 1453 1285 ut
1496 1237 1724 1286 omittam

224 1320 356 1384 leges
392 1319 513 1369 alias
550 1335 721 1368 omnes
758 1319 939 1382 quibus
976 1335 1066 1367 nos
1103 1324 1343 1379 tenemur,
1372 1319 1521 1368 ceteri
1558 1325 1724 1367 autem

223 1407 341 1450 sunt
387 1400 585 1449 ordines
632 1400 844 1460 liberati,
893 1399 1022 1449 hanc
1069 1400 1227 1464 ipsam
1274 1399 1433 1464 legem
1482 1412 1556 1448 NE
1601 1412 1724 1456 QUIS
1753 1420 1799 1462 15

224 1494 433 1531 IUDIOIO
475 1494 998 1530 CIRGUMVENIRETUR
1039 1480 1092 1530 O.
1134 1480 1386 1529 Gracchus
1429 1479 1576 1530 tulit:
1616 1497 1723 1529 eam

223 1563 381 1627 legem
422 1579 512 1626 pro
553 1562 710 1626 plebe,
755 1579 856 1610 non
897 1562 950 1610 in
991 1561 1188 1625 plebem
1228 1561 1359 1610 tulit.
1450 1561 1631 1610 Postea
1665 1561 1720 1611 L.

225 1643 374 1704 Sulla,
421 1644 569 1692 homo
617 1660 645 1691 a
691 1643 862 1707 populi
910 1659 1056 1692 causa
1113 1642 1488 1701 remotissimus,
1539 1648 1719 1701 tamen,

223 1742 334 1774 cum
371 1724 476 1773 eius
511 1725 582 1773 rei
619 1725 959 1788 quaestionem
997 1724 1089 1772 hac
1124 1724 1232 1787 ipsa
1259 1723 1368 1787 lege
1397 1723 1724 1771 constitueret

223 1823 321 1871 qua
355 1822 444 1855 vos
479 1806 570 1854 hoc
607 1813 828 1869 tempore
863 1805 1107 1864 iudicatis,
1148 1804 1388 1868 populum
1425 1804 1720 1864 Romanum,
1748 1827 1802 1858 20

223 1905 370 1952 quem
428 1888 490 1936 ab
548 1887 640 1936 hoc
692 1903 870 1952 genere
917 1886 1132 1935 liberum
1185 1891 1455 1950 acceperat,
1505 1885 1723 1949 adligare

223 1987 352 2018 novo
401 1968 704 2033 quaestionis
751 1984 928 2032 genere
977 1984 1124 2016 ausus
1171 1984 1270 2016 non
1320 1972 1406 2016 est.
1496 1966 1640 2027 Quod
1682 1967 1724 2015 si

224 2050 328 2099 fieri
375 2067 517 2114 posse
564 2049 909 2110 existimasset,
953 2066 1041 2113 pro
1088 2048 1175 2097 illo
1218 2048 1331 2097 odio
1373 2047 1508 2112 quod
1550 2048 1723 2096 habuit

222 2133 273 2180 in
313 2138 592 2196 equestrem
631 2130 857 2179 ordinem
895 2129 1023 2178 nihil
1062 2130 1259 2178 fecisset
1296 2129 1534 2178 libentius
1573 2145 1722 2192 quam

222 2229 419 2262 omnem
460 2212 597 2260 illam
650 2211 971 2261 acerbitatem
1023 2210 1397 2274 proscriptionis
1445 2226 1575 2269 suae,
1625 2226 1723 2273 qua
1746 2228 1797 2271 25

223 2300 298 2344 est
332 2310 447 2342 usus
484 2293 536 2341 in
569 2299 761 2341 veteres
793 2292 994 2352 iudices,
1023 2292 1077 2339 in
1109 2291 1235 2340 hanc
1268 2308 1419 2339 unam
1444 2290 1722 2355 quaestion-

100 2383 199 2435 152
223 2393 300 2425 em
342 2375 645 2424 contulisset.
732 2374 838 2423 Nec
878 2390 1010 2422 nunc
1053 2373 1318 2437 quicquam
1367 2371 1718 2437 agitur—mihi

223 2456 420 2515 credite,
458 2455 659 2516 iudices,
699 2461 749 2503 et
786 2454 1054 2519 prospicite
1093 2453 1145 2502 id
1183 2453 1318 2517 quod
1355 2451 1721 2517 providendum

276 2603 310 2641 1.
336 2600 548 2640 accusavit
569 2605 614 2639 ut
634 2613 742 2648 cum,
760 2598 905 2639 codd.:
926 2598 1132 2639 recusavit
1151 2611 1202 2638 ne
1222 2611 1316 2638 cum
1337 2599 1449 2649 (quo,
1468 2596 1717 2644 Lambinus,

221 2665 415 2714 Mamer),
438 2664 600 2704 Baiter.
664 2664 725 2704 12.
760 2676 982 2712 summum,
1011 2674 1084 2703 s'r:
1115 2663 1162 2702 in
1186 2675 1408 2711 summum,
1436 2672 1475 2701 F.
1535 2661 1601 2701 25.
1634 2673 1721 2713 qua

220 2735 277 2770 est
297 2741 408 2778 usus,
435 2729 688 2776 Manutius3
717 2733 912 2780 quaestus
931 2741 979 2767 or
999 2733 1178 2779 questus,
1204 2725 1328 2767 codd.
