1858 2956
570 135 700 185 PRO
734 134 798 183 A.
844 134 1201 183 C‘LUENTIO.
1296 190 1299 193 ¹
1569 134 1627 181 81

132 283 325 319 MALUM
363 283 527 331 FECIT,
567 281 819 318 Fssonm'r:
856 284 1026 317 omnes
1062 268 1170 328 viri,
1200 267 1444 327 muliereS,
1473 266 1630 327 liberi,

131 352 259 401 servi
306 352 358 400 in
406 351 644 400 iudicium
692 356 944 399 vocantur.
1036 349 1088 398 Si
1136 349 1270 397 idem
1317 347 1379 397 dc
1421 347 1633 396 coitione

131 434 379 494 voluisset,
431 432 771 483 adiunxisset:
831 444 998 489 QUIVE
1045 443 1269 480 OOJERIT.
1365 429 1514 478 Nunc
1562 431 1634 479 ita

132 522 206 564 est
228 536 237 565 z
261 528 441 573 DEQUE
466 527 589 563 EIUS
614 526 803 563 OAPITE
828 523 1097 570 QUAERITO
1123 524 1217 568 QUI
1243 522 1633 560 MAGISTRATUM

84 579 106 623 ⁵
132 609 406 645 HABUERIT
448 608 580 644 INVE
618 606 829 644 SENATU
871 605 1215 643 SENTENTIAM
1257 605 1498 653 DIXERIT,
1539 605 1632 649 QUI

132 690 320 727 EORUM
377 690 509 736 001Τ,
571 689 795 726 OOIERIT.
902 674 1040 724 Num
1099 675 1140 723 is
1199 681 1275 723 est
1334 674 1630 723 Cluentius‘e
1658 671 1756 723 149

133 759 277 808 Certe
323 775 423 807 non
472 764 558 806 est.
656 757 777 818 Quis
837 773 952 821 ergo
1012 761 1087 805 est
1145 755 1444 805 Cluentius?
1536 754 1632 816 Qui

133 847 298 889 tamen
345 839 544 888 defendi
593 855 790 888 causam
838 855 977 887 suam
1026 837 1132 902 lege
1179 836 1354 886 noluit.
1454 836 1632 900 Itaque

132 922 288 971 abicio
329 921 518 986 legem:
572 937 761 969 morem
803 918 1035 969 Cluentio
1075 935 1204 982 gero.
1292 917 1407 966 Tibi
1449 923 1630 977 tamen,

132 1003 264 1064 Acci,
325 1018 482 1067 pauca
528 1018 655 1066 quae
703 1002 765 1050 ab
824 1000 971 1048 huius
1031 1016 1176 1048 031183
1234 999 1458 1048 seiuncta
1516 1005 1633 1047 sunt

131 1084 451 1148 respondebo.
527 1084 618 1132 Est
656 1083 788 1132 enim
830 1081 1070 1146 quiddam
1108 1081 1160 1129 in
1199 1080 1290 1129 1130
1326 1097 1472 1129 031183
1501 1079 1630 1144 quod

132 1165 394 1215 Cluentius
427 1164 490 1214 ad
524 1182 587 1225 se,
621 1170 696 1213 est
729 1163 918 1228 aliquid
954 1161 1089 1227 quod.
1126 1178 1216 1226 ego
1253 1161 1316 1211 ad
1349 1178 1428 1211 me
1460 1167 1631 1226 putem

131 1247 392 1312 pertinere.
481 1247 578 1295 Hic
626 1262 714 1295 sua
762 1251 908 1310 putat
955 1245 1194 1293 interesse
1242 1260 1294 1292 se
1341 1260 1394 1292 re
1435 1244 1543 1308 ipsa
1584 1250 1635 1293 et

131 1335 270 1393 gesto
317 1329 532 1393 negotio,
584 1344 684 1375 non
732 1327 839 1392 lege
887 1326 1121 1387 defendi3
1171 1342 1261 1390 ego
1309 1331 1478 1374 autem
1524 1342 1634 1374 mea

61 1399 108 1441 ¹5
132 1410 362 1458 existimo
420 1408 661 1457 interesse
725 1425 804 1456 me
863 1407 1002 1456 nulla
1060 1407 1112 1455 in
1173 1406 1514 1471 disputatione
1573 1407 1634 1455 ab

133 1491 283 1540 Accio
319 1489 479 1539 videri
516 1506 622 1539 esse
658 1495 960 1554 superatum.
1036 1488 1154 1538 Non
1192 1489 1324 1538 enim
1361 1488 1486 1537 mihi
1515 1488 1635 1537 haec

133 1589 278 1621 031183
324 1572 428 1621 8013
474 1571 686 1620 dicenda
733 1577 838 1631 est;
899 1570 1128 1619 omnibus
1175 1570 1256 1619 1110
1304 1570 1443 1619 labor
1495 1586 1635 1619 meus

133 1654 415 1719 propositus
454 1659 543 1713 est,
585 1652 883 1716 quicumque
922 1652 1014 1700 1130
1053 1651 1290 1700 facultate
1333 1650 1636 1700 defensionis

134 1735 353 1784 contenti
390 1751 494 1783 esse
531 1740 753 1798 possunt.
829 1733 960 1782 Nolo
998 1749 1299 1797 quemquam
1337 1748 1510 1781 eorum
1546 1732 1636 1795 qui

134 1816 314 1865 adsunt
351 1815 635 1864 existimare
671 1831 763 1876 me,
803 1831 929 1878 quae
966 1813 1028 1863 de
1063 1813 1172 1878 lege
1210 1814 1272 1862 ab
1309 1814 1460 1862 Accio
1503 1813 1638 1863 dicta

134 1904 262 1959 sunt,
313 1897 354 1945 si
401 1896 697 1955 reticuerim,
749 1896 1082 1960 comprobare.
1181 1893 1341 1955 Quam
1401 1895 1464 1943 ob
1513 1912 1631 1956 rem,

135 1978 346 2039 Cluenti,
398 1977 459 2027 de
507 1984 557 2026 te
604 1977 698 2026 tibi
757 1977 1015 2040 obsequor,
1065 1993 1228 2040 neque
1288 1976 1420 2025 enim
1478 1976 1637 2040 legem

133 2060 286 2109 recito
327 2076 486 2123 neque
527 2058 758 2108 hocloco
796 2075 886 2122 pro
928 2064 979 2106 te
1020 2057 1129 2106 dico
1149 2075 1162 2118 3
1216 2057 1302 2107 sed
1345 2075 1402 2106 ea
1443 2074 1568 2122 quae
1609 2075 1638 2107 a

134 2159 212 2191 me
237 2141 507 2190 desiderari
532 2140 746 2189 arbitror
770 2156 868 2188 non
897 2139 1186 2203 relinquam.

60 2215 111 2259 ²5
201 2221 304 2272 LV.
333 2222 570 2286 Iniquum
595 2221 687 2270 tibi
712 2220 924 2281 videtur,
950 2221 1082 2279 Acci,
1102 2237 1206 2269 esse
1226 2236 1326 2269 non
1344 2219 1503 2269 isdem
1522 2219 1639 2285 legi·
1662 2233 1761 2285 150

135 2304 226 2352 bus
251 2319 421 2352 omnes
446 2302 616 2351 teneri.
691 2302 930 2363 Primum,
962 2309 1020 2351 ut
1051 2302 1104 2350 id
1134 2302 1502 2366 iniquissimum
1534 2317 1638 2351 esse

135 2385 383 2443 confitear,
409 2384 515 2432 eius
554 2383 690 2432 modi
733 2390 809 2433 est
846 2389 904 2432 ut
943 2383 1261 2432 commutatis
1300 2383 1371 2431 eis
1410 2399 1534 2447 opus
1573 2382 1639 2431 sit

135 2465 340 2530 legibus,
368 2481 469 2513 non
493 2470 552 2513 ut
575 2464 652 2513 his
678 2482 803 2529 quae
829 2470 946 2513 sunt
971 2481 1071 2514 non
1097 2480 1369 2528 pareamus.
1442 2464 1639 2513 Deinde

60 990 109 1020 10

58 1811 111 1839 20

190 2669 228 2708 5.
266 2667 372 2716 inve,
409 2679 488 2708 TF:
532 2667 592 2716 in,
631 2679 677 2708 s:
723 2667 845 2719 quive
875 2667 932 2715 in,
973 2682 1016 2707 ω.
1077 2668 1115 2707 8.
1153 2665 1302 2715 noluit,
1339 2678 1392 2707 T:
1435 2666 1552 2717 nolit,
1589 2682 1630 2708 ω.

137 2737 201 2776 22.
228 2737 352 2786 enim,
376 2748 428 2777 T:
460 2749 545 2787 eqo,
571 2751 608 2776 ω.
671 2736 736 2777 23.
763 2749 871 2788 quae
891 2742 928 2775 te
948 2749 977 2775 α
995 2748 1059 2775 me
1079 2734 1336 2784 desiderare,
1360 2746 1421 2776 s'r.

356 2799 360 2803 ’
872 2801 898 2829 F
