1820 2956
594 96 724 144 PRO
766 96 828 144 A.
873 94 1230 144 CLUENTIO.
1597 93 1654 141 27

162 230 241 280 ille
289 230 490 295 quidem
540 228 896 279 Scamandrum
955 228 1118 278 verbis
1177 228 1338 276 tribus
1389 238 1659 275 VENENUM

159 323 284 360 ESSE
341 322 747 359 DEPREHENSUM
767 328 780 371 3
850 309 1017 358 omnia
1091 308 1190 357 tela
1260 307 1415 356 totius
1472 322 1660 355 accusa-

160 392 308 441 tionis
377 393 429 441 in
500 391 830 456 Oppianicum
902 390 1288 460 coniciebantur,
1350 388 1662 453 aperiebatur

160 490 304 523 causa
373 472 679 533 insidiarum,
754 473 1094 522 Fabriciorum
1166 471 1476 520 familiaritas
1536 487 1661 519 com-

112 565 134 608 5
159 555 541 613 memorabatur,
580 553 797 603 hominis
831 554 938 603 vita
974 560 1024 602 et
1061 553 1265 602 audacia
1299 552 1658 616 proferebatur,

159 635 372 700 denique
415 635 575 685 omnis
617 635 864 684 accusatio
906 634 1040 683 varie
1087 634 1402 698 graviterque
1450 637 1662 681 tractata

159 716 222 765 ad
262 724 541 766 extremum
588 717 851 765 manifesta
897 715 1076 765 veneni
1124 715 1514 780 deprehensione
1553 730 1661 763 con-

159 797 294 847 clusa
334 804 423 847 est.
497 798 593 847 Hic
632 815 722 862 ego
761 804 868 846 tum
911 797 973 846 ad
1013 796 1413 861 respondendum
1452 796 1658 855 surrexi,
1685 794 1752 847 51

159 896 256 943 qua
302 896 428 939 cura,
471 879 522 928 di
569 878 902 928 immortales!
956 895 1053 943 qua
1099 878 1432 928 sollicitudine
1479 878 1662 926 animi!

88 976 136 1004 10
159 977 257 1023 quo
304 960 514 1009 timore!
607 960 812 1023 Semper
860 959 1090 1024 equidem
1139 976 1319 1024 magno
1367 976 1476 1008 cum
1524 965 1660 1008 metu

158 1041 340 1105 incipio
388 1041 578 1091 dicere:
639 1042 1084 1106 quotienscumque
1132 1042 1254 1102 dico,
1306 1041 1492 1090 totiens
1538 1040 1659 1088 mihi

158 1122 330 1172 videor
375 1122 429 1171 in
475 1122 714 1172 iudicium
761 1123 930 1171 venire
978 1140 1079 1171 non
1126 1122 1314 1187 ingenii
1362 1122 1536 1180 solum,
1576 1122 1661 1171 sed

159 1203 310 1252 etiam
368 1204 571 1252 virtutis
631 1209 780 1268 atque
850 1204 1011 1265 officii,
1064 1220 1126 1253 ne
1187 1210 1273 1252 aut
1331 1203 1384 1252 id
1442 1204 1662 1267 profiteri

158 1284 329 1334 videar
371 1285 506 1349 quod
548 1302 648 1334 non
690 1286 875 1350 possim
924 1284 1172 1352 [implere]
1216 1285 1349 1350 quod
1391 1291 1467 1334 est
1507 1285 1662 1350 impu-

87 1381 135 1425 15
158 1365 370 1426 dentiae,
416 1372 503 1415 aut
544 1383 644 1416 non
683 1367 737 1415 id
775 1367 962 1417 efficere
1005 1367 1138 1431 quod
1177 1367 1376 1431 possim,
1416 1367 1550 1431 quod
1587 1372 1663 1416 est

158 1453 246 1496 aut
286 1448 522 1511 perfidiae
563 1453 650 1497 aut
690 1448 1043 1513 neglegentiae.
1117 1448 1247 1497 Tum
1289 1465 1406 1498 vero
1444 1448 1516 1497 ita
1553 1465 1659 1496 sum

159 1529 478 1592 perturbatus
524 1535 583 1578 ut
628 1530 795 1578 omnia
842 1531 1099 1579 timerem:
1149 1530 1190 1578 si
1237 1530 1363 1578 nihil
1410 1529 1658 1589 dixissem,

159 1626 222 1659 ne
257 1610 632 1671 infantissimus,
660 1611 700 1658 si
736 1610 895 1660 multa
930 1611 981 1659 in
1020 1611 1125 1660 eius
1160 1611 1296 1660 modi
1333 1629 1478 1661 causa
1513 1612 1662 1662 dixis-

160 1708 275 1752 sem,
303 1708 366 1741 ne
402 1692 862 1756 impudentissimus
893 1693 1217 1742 existimarer.
1291 1693 1433 1742 XIX.
1473 1694 1662 1759 Collegi

85 1793 138 1821 20
160 1789 238 1824 me
271 1773 537 1837 aliquando
567 1779 619 1822 et
648 1774 720 1822 ita
748 1774 998 1833 constitui,
1026 1774 1223 1823 fortiter
1251 1791 1355 1823 esse
1385 1775 1633 1839 agendum
1648 1793 1662 1837 ;

160 1853 233 1902 illi
271 1854 422 1903 aetati
458 1871 556 1918 qua
591 1860 701 1903 tum
738 1871 872 1903 eram
908 1855 1063 1904 solere
1100 1855 1237 1904 laudi
1273 1856 1393 1916 dari,
1435 1857 1584 1905 etiam
1621 1858 1663 1906 si

160 1935 212 1983 in
269 1936 434 1984 minus
492 1936 645 1984 firmis
704 1936 861 1984 causis
933 1936 1192 1984 hominum
1263 1937 1492 2000 periculis
1563 1955 1663 1987 non

161 2015 438 2065 defuissem.
547 2016 724 2081 Itaque
783 2017 903 2066 feci:
977 2017 1047 2066 sic
1105 2019 1338 2082 pugnavi,
1403 2020 1470 2068 sic
1529 2020 1664 2068 omni

161 2098 352 2147 ratione
399 2099 647 2157 contendi,
698 2099 766 2147 sic
814 2098 877 2147 ad
933 2100 1099 2148 omnia
1157 2100 1369 2165 confugi,
1420 2108 1661 2165 quantum

87 2197 138 2240 25
162 2195 251 2243 ego
298 2179 503 2243 adsequi
551 2179 704 2243 potui,
753 2179 973 2228 remedia
1018 2197 1073 2229 ac
1120 2180 1346 2245 perfugia
1393 2199 1661 2244 causarum,

161 2265 220 2307 ut
253 2259 358 2320 hoc,
387 2260 521 2324 quod
557 2260 733 2309 timide
769 2260 943 2320 dicam,
984 2268 1273 2310 consecutus
1310 2263 1416 2322 sim,
1455 2280 1517 2312 ne
1555 2265 1665 2328 quis

162 2340 234 2388 illi
281 2357 454 2390 causae
496 2347 762 2405 patronum
801 2341 1015 2390 defuisse
1057 2343 1394 2393 arbitraretur.
1468 2344 1567 2394 Sed
1608 2354 1665 2394 ut
1688 2350 1756 2403 52

130 2415 406 2485 'quidquid
485 2439 575 2487 ego
652 2423 1087 2487 apprehenderam,
1166 2425 1336 2473 statim
1412 2432 1666 2475 accusator

219 2552 255 2591 1.
289 2551 471 2603 quidem,
504 2566 587 2593 om.
618 2564 647 2594 ¹1·
674 2557 720 2593 et
747 2553 803 2594 al.
867 2555 929 2594 14.
963 2554 1187 2605 [implere],
1220 2569 1303 2595 om.
1338 2567 1411 2596 ST:
1447 2557 1661 2609 perficere,

163 2615 274 2667 conj.
300 2616 426 2656 Reid.
489 2617 570 2669 Qy.
589 2619 849 2669 praestare?
906 2620 966 2659 15.
1001 2632 1084 2659 non
1110 2619 1170 2668 id,
1191 2630 1266 2659 S'r:
1297 2620 1346 2660 id
1370 2633 1466 2671 non,
1492 2637 1534 2662 ω.
1595 2623 1663 2664 28.

164 2679 389 2731 quidquid,
415 2680 561 2721 codd.:
593 2681 793 2734 quidque,
818 2682 978 2723 Baiter.
