1858 2956
197 112 256 161 74
633 114 757 164 PRO
793 115 857 164 A.
901 116 977 165 CL
990 116 1256 167 UENTIO.

194 252 338 295 antea
369 249 642 296 concitatus
679 265 783 296 rem
819 249 954 298 illam
991 256 1040 298 et
1076 251 1383 314 rogationem
1420 252 1680 316 flagitarat,

192 327 323 376 idem
363 328 414 378 G.
446 328 558 376 Iuni
596 329 699 389 filii,
726 330 867 392 pueri
905 332 1113 394 parvuli,
1141 332 1355 380 lacrimis
1394 339 1681 390 commotus,

192 409 408 457 maximo
456 409 666 458 clamore
724 417 776 459 et
833 428 1071 460 concursu
1128 419 1286 462 totam
1345 414 1682 477 quaestionem

69 486 168 538 138
190 489 324 537 illam
364 497 414 539 et
450 490 608 554 legem
649 491 943 555 repudiavit.
1015 493 1093 541 Ex
1131 510 1227 558 quo
1263 494 1485 558 intellegi
1521 494 1684 558 potuit

190 570 241 618 id
278 571 411 635 quod
447 588 590 636 saepe
624 572 815 621 dictum
839 580 943 622 est:
979 579 1038 622 ut
1060 591 1207 634 mare,
1237 575 1368 638 quod
1394 591 1483 623 sua
1506 584 1684 623 natura

190 652 514 715 tranquillum
556 653 632 712 sit,
672 659 936 702 ventorum
978 655 1027 702 vi
1069 656 1243 719 agitari
1287 664 1435 719 atque
1477 655 1679 715 turbari,

190 732 257 779 sic
300 733 535 796 populum
584 734 863 783 Romanum
911 752 999 783 sua
1045 742 1220 798 sponte
1267 753 1371 784 esse
1419 736 1679 799 placatum,

189 813 446 862 hominum
482 814 829 864 seditiosorum
865 816 1066 865 vocibus
1091 823 1146 865 ut
1173 817 1541 866 violentissimis
1564 823 1683 865 tem-

190 895 464 958 pestatibus
490 896 736 946 concitari.

255 972 308 1021 L.
341 972 431 1021 Est
456 973 606 1022 etiam
624 974 815 1038 reliqua
833 992 1099 1039 permagna
1123 975 1401 1035 auctoritaS,
1424 992 1571 1039 quarn
1592 992 1681 1039 ego

188 1054 401 1117 turpiter
456 1071 612 1118 paene
672 1056 903 1119 preterii;
962 1073 1072 1105 mea
1130 1057 1261 1104 enim
1320 1073 1424 1105 esse
1482 1056 1678 1105 dicitur.

187 1135 434 1183 Recitavit
460 1152 521 1184 ex
547 1136 770 1185 oratione
806 1137 969 1185 nescio
994 1154 1093 1201 qua
1117 1137 1309 1198 Accius,
1337 1154 1486 1201 quam
1521 1154 1681 1186 meam

187 1233 290 1265 esse
348 1216 556 1275 dicebat,
607 1218 998 1266 cohortationem
1056 1218 1305 1282 quandam
1351 1218 1570 1267 iudicum
1618 1218 1682 1267 ad

186 1297 391 1346 honeste
433 1298 752 1347 iudicandum
795 1305 845 1348 et
886 1300 1406 1349 commemorationem
1443 1317 1555 1348 cum
1596 1300 1681 1348 ali·

186 1395 328 1427 orum
363 1378 660 1428 iudiciorum
685 1396 811 1443 quae
847 1381 1057 1443 probata
1081 1398 1181 1430 non
1207 1387 1384 1440 essent,
1413 1387 1521 1429 tum
1545 1380 1679 1429 illius

185 1460 338 1523 ipsius
385 1460 557 1509 iudicii
604 1460 834 1522 Iuniani;
889 1462 1096 1526 proinde
1143 1463 1283 1527 quasi
1331 1479 1420 1526 ego
1467 1479 1569 1511 non
1616 1463 1677 1511 ab

183 1541 326 1589 initio
373 1541 520 1590 huius
569 1542 868 1591 defensionis
926 1542 1141 1592 dixerim
1201 1543 1503 1592 invidiosum
1553 1543 1678 1592 illud

182 1622 419 1671 iudicium
455 1623 618 1682 fuisse,
647 1629 746 1682 aut,
775 1640 887 1672 cum
922 1623 983 1673 de
1018 1624 1220 1673 infamia
1256 1624 1550 1673 iudiciorum
1585 1624 1678 1673 dis-

182 1711 423 1768 putarem,
450 1705 696 1767 potuerim
733 1705 857 1753 illud
882 1705 1014 1769 quod
1045 1713 1148 1754 tam
1177 1706 1412 1770 populare
1438 1712 1566 1755 esset
1591 1706 1677 1756 illo

60 1782 158 1834 139
183 1793 404 1849 tempore
451 1787 731 1850 praeterire.
810 1786 914 1850 Ego
961 1803 1092 1846 vero,
1137 1787 1177 1835 si
1225 1787 1345 1851 quid
1392 1787 1497 1836 eius
1543 1788 1676 1836 modi

181 1867 299 1927 dixi,
327 1884 489 1931 neque
526 1868 779 1932 cognitum
815 1868 1195 1916 commemoravi
1231 1885 1392 1931 neque
1428 1885 1517 1932 pro
1541 1870 1675 1917 testi-

183 1949 347 1997 monio
385 1948 505 2008 dixi,
533 1954 583 1997 et
618 1948 703 1997 illa
735 1949 892 1997 oratio
927 1949 1094 2013 potius
1130 1949 1368 2012 temporis
1405 1950 1500 1998 mei
1527 1966 1675 2013 quam

180 2030 348 2079 iudicii
374 2037 423 2078 et
448 2030 757 2079 auctoritatis
793 2031 898 2078 fuit.
975 2030 1101 2079 Cum
1139 2030 1270 2079 enim
1307 2047 1597 2092 accusarem,
1626 2038 1675 2080 et

179 2111 302 2158 mihi
327 2111 470 2159 initio
504 2111 864 2174 proposuissem
893 2117 950 2160 ut
975 2112 1165 2160 animos
1190 2118 1241 2160 et
1265 2111 1434 2175 populi
1462 2112 1673 2161 Romani

180 2199 230 2241 et
263 2192 482 2240 iudicum
518 2208 891 2251 commoverem,
930 2210 1138 2256 cumque
1175 2210 1344 2242 omnes
1380 2194 1674 2242 offensiones

178 2274 472 2322 iudiciorum
511 2291 611 2322 non
651 2291 713 2322 ex
760 2291 870 2323 mea
908 2275 1137 2338 opinione
1186 2274 1272 2323 sed
1310 2291 1374 2323 ex
1413 2274 1672 2323 hominum

177 2372 373 2404 rumore
411 2355 693 2418 proferrem,
732 2355 880 2404 istam
916 2372 1033 2414 rem,
1062 2371 1187 2418 quae
1226 2362 1328 2403 tam
1367 2355 1673 2419 populariter

228 2519 265 2557 5.
290 2530 370 2556 sua
384 2523 556 2565 natura,
579 2532 608 2556 ω
627 2516 714 2556 and
735 2516 1008 2563 Rufinianus,
1028 2517 1078 2556 de
1099 2516 1191 2567 Fiy.
1217 2515 1348 2565 Sena,
1371 2517 1484 2565 §242
1515 2522 1672 2556 natura

174 2595 266 2630 sua,
299 2593 360 2622 S'r.
422 2583 459 2624 7.
493 2581 564 2627 sic,
596 2593 671 2621 S'r:
701 2581 760 2621 sic
789 2588 839 2629 et,
873 2596 916 2620 ω.
980 2582 1040 2620 14.
1076 2593 1228 2620 cum...
1248 2586 1352 2629 tum,
1385 2592 1478 2620 SM.:
1519 2587 1608 2620 tum

176 2652 277 2694 cnm,
294 2658 329 2685 F.
382 2646 577 2692 aliorum,
597 2645 793 2685 Ernesti:
816 2645 1002 2694 illorum,
1026 2644 1169 2690 codd„
1205 2645 1265 2685 19.
1292 2644 1364 2684 illo
1383 2650 1579 2695 tempore,
1599 2656 1669 2686 ST:

173 2710 220 2750 in
239 2711 311 2750 illo
331 2717 526 2761 tempore,
551 2724 594 2750 ω.

1736 591 1759 634 5

1712 1001 1760 1029 10

1709 1403 1755 1446 15

1702 1809 1755 1838 20

1700 2211 1750 2253 25
