<?xml version="1.0" encoding="UTF-8"?>
<!DOCTYPE html PUBLIC "-//W3C//DTD XHTML 1.0 Transitional//EN"
    "http://www.w3.org/TR/xhtml1/DTD/xhtml1-transitional.dtd">
<html xmlns="http://www.w3.org/1999/xhtml" xml:lang="en" lang="en">
 <head>
  <title>
</title>
<meta http-equiv="Content-Type" content="text/html;charset=utf-8" />
  <meta name='ocr-system' content='tesseract 3.04.00' />
  <meta name='ocr-capabilities' content='ocr_page ocr_carea ocr_par ocr_line ocrx_word'/>
</head>
<body>
  <div class='ocr_page' id='page_1' title='image "./proacluentioorat00ciceuoft/proacluentioorat00ciceuoft_0143.png"; bbox 0 0 1858 2956; ppageno 0'>
   <div class='ocr_carea' id='block_1_1' title="bbox 608 126 1670 177">
    <p class='ocr_par' dir='ltr' id='par_1_1' title="bbox 608 126 1670 177">
     <span class='ocr_line' id='line_1_1' title="bbox 608 126 1670 177; baseline -0.001 -1"><span class='ocrx_word' id='word_1_1' title='bbox 608 126 739 176; x_wconf 85' lang='lat' dir='ltr'>PRO</span> <span class='ocrx_word' id='word_1_2' title='bbox 777 128 839 175; x_wconf 93' lang='lat' dir='ltr'>A.</span> <span class='ocrx_word' id='word_1_3' title='bbox 882 127 960 177; x_wconf 76' lang='lat' dir='ltr'>CL</span> <span class='ocrx_word' id='word_1_4' title='bbox 974 126 1241 177; x_wconf 85' lang='lat' dir='ltr'><em>UENTIO.</em></span> <span class='ocrx_word' id='word_1_5' title='bbox 1608 128 1670 176; x_wconf 88' lang='grc'>83</span> 
     </span>
    </p>
   </div>
   <div class='ocr_carea' id='block_1_2' title="bbox 91 261 1795 2285">
    <p class='ocr_par' dir='ltr' id='par_1_2' title="bbox 91 261 1795 2285">
     <span class='ocr_line' id='line_1_2' title="bbox 173 261 1671 326; baseline 0.001 -16"><span class='ocrx_word' id='word_1_6' title='bbox 173 263 409 310; x_wconf 88' lang='lat' dir='ltr'>est—nisi</span> <span class='ocrx_word' id='word_1_7' title='bbox 437 267 493 311; x_wconf 87' lang='lat' dir='ltr'>ut</span> <span class='ocrx_word' id='word_1_8' title='bbox 517 267 745 326; x_wconf 85' lang='lat' dir='ltr'>equester</span> <span class='ocrx_word' id='word_1_9' title='bbox 780 261 902 310; x_wconf 91' lang='lat' dir='ltr'>ordo</span> <span class='ocrx_word' id='word_1_10' title='bbox 934 261 985 309; x_wconf 91' lang='lat' dir='ltr'>in</span> <span class='ocrx_word' id='word_1_11' title='bbox 1020 261 1223 310; x_wconf 89' lang='lat' dir='ltr'>huiusce</span> <span class='ocrx_word' id='word_1_12' title='bbox 1248 261 1370 326; x_wconf 87' lang='lat' dir='ltr'>legis</span> <span class='ocrx_word' id='word_1_13' title='bbox 1395 262 1671 325; x_wconf 89' lang='lat' dir='ltr'>periculum</span> 
     </span>
     <span class='ocr_line' id='line_1_3' title="bbox 173 342 1670 407; baseline 0.002 -17"><span class='ocrx_word' id='word_1_14' title='bbox 173 343 506 392; x_wconf 81' lang='lat' dir='ltr'><strong>concludatur.</strong></span> <span class='ocrx_word' id='word_1_15' title='bbox 581 343 755 406; x_wconf 82' lang='lat' dir='ltr'>Neque</span> <span class='ocrx_word' id='word_1_16' title='bbox 794 342 887 391; x_wconf 89' lang='lat' dir='ltr'>hoc</span> <span class='ocrx_word' id='word_1_17' title='bbox 926 343 1092 407; x_wconf 83' lang='lat' dir='ltr'>agitur</span> <span class='ocrx_word' id='word_1_18' title='bbox 1131 344 1193 392; x_wconf 88' lang='lat' dir='ltr'>ab</span> <span class='ocrx_word' id='word_1_19' title='bbox 1233 344 1476 403; x_wconf 89' lang='lat' dir='ltr'>omnibus,</span> <span class='ocrx_word' id='word_1_20' title='bbox 1518 344 1605 393; x_wconf 88' lang='lat' dir='ltr'>sed</span> <span class='ocrx_word' id='word_1_21' title='bbox 1642 363 1670 393; x_wconf 90' lang='lat' dir='ltr'>a</span> 
     </span>
     <span class='ocr_line' id='line_1_4' title="bbox 173 424 1654 490; baseline 0.001 -18"><span class='ocrx_word' id='word_1_22' title='bbox 173 425 349 488; x_wconf 80' lang='lat' dir='ltr'>paucis.</span> <span class='ocrx_word' id='word_1_23' title='bbox 424 424 554 473; x_wconf 91' lang='lat' dir='ltr'>Nam</span> <span class='ocrx_word' id='word_1_24' title='bbox 584 424 619 472; x_wconf 89' lang='lat' dir='ltr'>ii</span> <span class='ocrx_word' id='word_1_25' title='bbox 656 430 906 473; x_wconf 73' lang='lat' dir='ltr'><strong>senatores</strong></span> <span class='ocrx_word' id='word_1_26' title='bbox 931 426 1017 488; x_wconf 89' lang='lat' dir='ltr'>qui</span> <span class='ocrx_word' id='word_1_27' title='bbox 1042 441 1093 473; x_wconf 91' lang='lat' dir='ltr'>se</span> <span class='ocrx_word' id='word_1_28' title='bbox 1117 424 1259 473; x_wconf 86' lang='lat' dir='ltr'>facile</span> <span class='ocrx_word' id='word_1_29' title='bbox 1285 431 1492 473; x_wconf 83' lang='lat' dir='ltr'>tuentur</span> <span class='ocrx_word' id='word_1_30' title='bbox 1517 426 1654 490; x_wconf 87' lang='lat' dir='ltr'>integ</span> 
     </span>
     <span class='ocr_line' id='line_1_5' title="bbox 172 507 1666 570; baseline -0.001 -14"><span class='ocrx_word' id='word_1_31' title='bbox 172 508 317 556; x_wconf 88' lang='lat' dir='ltr'>ritate</span> <span class='ocrx_word' id='word_1_32' title='bbox 351 513 402 556; x_wconf 91' lang='lat' dir='ltr'>et</span> <span class='ocrx_word' id='word_1_33' title='bbox 434 507 970 570; x_wconf 75' lang='lat' dir='ltr'>innocentia—qualeS‚</span> <span class='ocrx_word' id='word_1_34' title='bbox 997 513 1054 555; x_wconf 92' lang='lat' dir='ltr'>ut</span> <span class='ocrx_word' id='word_1_35' title='bbox 1079 524 1194 556; x_wconf 88' lang='lat' dir='ltr'>vere</span> <span class='ocrx_word' id='word_1_36' title='bbox 1219 507 1393 566; x_wconf 90' lang='lat' dir='ltr'>dicam,</span> <span class='ocrx_word' id='word_1_37' title='bbox 1423 524 1510 556; x_wconf 90' lang='lat' dir='ltr'>vos</span> <span class='ocrx_word' id='word_1_38' title='bbox 1536 507 1666 567; x_wconf 90' lang='lat' dir='ltr'>estis,</span> 
     </span>
     <span class='ocr_line' id='line_1_6' title="bbox 124 588 1670 653; baseline -0.001 -15"><span class='ocrx_word' id='word_1_39' title='bbox 124 603 145 646; x_wconf 87' lang='grc'><strong><em>5</em></strong></span> <span class='ocrx_word' id='word_1_40' title='bbox 169 595 220 638; x_wconf 84' lang='lat' dir='ltr'>et</span> <span class='ocrx_word' id='word_1_41' title='bbox 252 589 401 637; x_wconf 87' lang='lat' dir='ltr'>ceteri</span> <span class='ocrx_word' id='word_1_42' title='bbox 434 589 519 653; x_wconf 91' lang='lat' dir='ltr'>qui</span> <span class='ocrx_word' id='word_1_43' title='bbox 549 589 653 637; x_wconf 88' lang='lat' dir='ltr'>sine</span> <span class='ocrx_word' id='word_1_44' title='bbox 678 588 951 652; x_wconf 86' lang='lat' dir='ltr'>cupiditate</span> <span class='ocrx_word' id='word_1_45' title='bbox 978 589 1479 652; x_wconf 88' lang='lat' dir='ltr'>vixerunt—equites</span> <span class='ocrx_word' id='word_1_46' title='bbox 1504 588 1670 638; x_wconf 92' lang='lat' dir='ltr'>ordini</span> 
     </span>
     <span class='ocr_line' id='line_1_7' title="bbox 169 669 1671 734; baseline 0.001 -16"><span class='ocrx_word' id='word_1_47' title='bbox 169 671 415 719; x_wconf 85' lang='lat' dir='ltr'>senatorio</span> <span class='ocrx_word' id='word_1_48' title='bbox 463 670 708 734; x_wconf 71' lang='lat' dir='ltr'>dignitate</span> <span class='ocrx_word' id='word_1_49' title='bbox 757 669 1022 734; x_wconf 88' lang='lat' dir='ltr'>proximos,</span> <span class='ocrx_word' id='word_1_50' title='bbox 1066 670 1328 719; x_wconf 89' lang='lat' dir='ltr'>concordia</span> <span class='ocrx_word' id='word_1_51' title='bbox 1375 671 1671 719; x_wconf 74' lang='lat' dir='ltr'>coniunctis—</span> 
     </span>
     <span class='ocr_line' id='line_1_8' title="bbox 169 751 1670 816; baseline 0.001 -17"><span class='ocrx_word' id='word_1_52' title='bbox 169 751 316 799; x_wconf 88' lang='lat' dir='ltr'>simos</span> <span class='ocrx_word' id='word_1_53' title='bbox 363 768 468 800; x_wconf 90' lang='lat' dir='ltr'>esse</span> <span class='ocrx_word' id='word_1_54' title='bbox 516 752 753 815; x_wconf 82' lang='lat' dir='ltr'>cupiunt3</span> <span class='ocrx_word' id='word_1_55' title='bbox 805 751 892 800; x_wconf 88' lang='lat' dir='ltr'>sed</span> <span class='ocrx_word' id='word_1_56' title='bbox 939 751 974 799; x_wconf 93' lang='lat' dir='ltr'>ii</span> <span class='ocrx_word' id='word_1_57' title='bbox 1024 751 1111 815; x_wconf 92' lang='lat' dir='ltr'>qui</span> <span class='ocrx_word' id='word_1_58' title='bbox 1160 768 1264 800; x_wconf 91' lang='lat' dir='ltr'>sese</span> <span class='ocrx_word' id='word_1_59' title='bbox 1306 751 1486 800; x_wconf 87' lang='lat' dir='ltr'>volunt</span> <span class='ocrx_word' id='word_1_60' title='bbox 1527 768 1670 816; x_wconf 89' lang='lat' dir='ltr'>posse</span> 
     </span>
     <span class='ocr_line' id='line_1_9' title="bbox 168 821 1670 896; baseline 0.001 -16"><span class='ocrx_word' id='word_1_61' title='bbox 168 833 332 880; x_wconf 87' lang='lat' dir='ltr'>omnia</span> <span class='ocrx_word' id='word_1_62' title='bbox 368 849 528 896; x_wconf 90' lang='lat' dir='ltr'>neque</span> <span class='ocrx_word' id='word_1_63' title='bbox 566 821 821 896; x_wconf 61' lang='lat' dir='ltr'>praeterea</span> <span class='ocrx_word' id='word_1_64' title='bbox 857 832 1121 896; x_wconf 90' lang='lat' dir='ltr'>quicquam</span> <span class='ocrx_word' id='word_1_65' title='bbox 1151 849 1256 882; x_wconf 88' lang='lat' dir='ltr'>esse</span> <span class='ocrx_word' id='word_1_66' title='bbox 1282 838 1368 881; x_wconf 88' lang='lat' dir='ltr'>aut</span> <span class='ocrx_word' id='word_1_67' title='bbox 1393 833 1444 881; x_wconf 93' lang='lat' dir='ltr'>in</span> <span class='ocrx_word' id='word_1_68' title='bbox 1470 832 1670 882; x_wconf 88' lang='lat' dir='ltr'>homine</span> 
     </span>
     <span class='ocr_line' id='line_1_10' title="bbox 167 913 1670 979; baseline 0.002 -18"><span class='ocrx_word' id='word_1_69' title='bbox 167 913 267 962; x_wconf 92' lang='lat' dir='ltr'>ullo</span> <span class='ocrx_word' id='word_1_70' title='bbox 305 920 391 962; x_wconf 87' lang='lat' dir='ltr'>aut</span> <span class='ocrx_word' id='word_1_71' title='bbox 428 914 479 962; x_wconf 91' lang='lat' dir='ltr'>in</span> <span class='ocrx_word' id='word_1_72' title='bbox 519 914 692 963; x_wconf 91' lang='lat' dir='ltr'>ordine</span> <span class='ocrx_word' id='word_1_73' title='bbox 730 913 821 962; x_wconf 91' lang='lat' dir='ltr'>hoc</span> <span class='ocrx_word' id='word_1_74' title='bbox 860 931 959 963; x_wconf 92' lang='lat' dir='ltr'>uno</span> <span class='ocrx_word' id='word_1_75' title='bbox 998 920 1134 963; x_wconf 88' lang='lat' dir='ltr'>metu</span> <span class='ocrx_word' id='word_1_76' title='bbox 1173 931 1224 963; x_wconf 90' lang='lat' dir='ltr'>se</span> <span class='ocrx_word' id='word_1_77' title='bbox 1262 921 1445 978; x_wconf 85' lang='lat' dir='ltr'>putant</span> <span class='ocrx_word' id='word_1_78' title='bbox 1477 916 1670 979; x_wconf 89' lang='lat' dir='ltr'>equites</span> 
     </span>
     <span class='ocr_line' id='line_1_11' title="bbox 99 995 1670 1058; baseline 0.002 -16"><span class='ocrx_word' id='word_1_79' title='bbox 99 1013 145 1042; x_wconf 91' lang='lat'>10</span> <span class='ocrx_word' id='word_1_80' title='bbox 168 995 418 1043; x_wconf 85' lang='lat' dir='ltr'>Romanos</span> <span class='ocrx_word' id='word_1_81' title='bbox 458 995 510 1043; x_wconf 90' lang='lat' dir='ltr'>in</span> <span class='ocrx_word' id='word_1_82' title='bbox 552 1000 852 1058; x_wconf 90' lang='lat' dir='ltr'>potestatem</span> <span class='ocrx_word' id='word_1_83' title='bbox 893 1011 1034 1043; x_wconf 88' lang='lat' dir='ltr'>suam</span> <span class='ocrx_word' id='word_1_84' title='bbox 1076 995 1376 1054; x_wconf 85' lang='lat' dir='ltr'>redacturos,</span> <span class='ocrx_word' id='word_1_85' title='bbox 1415 997 1456 1045; x_wconf 91' lang='lat' dir='ltr'>si</span> <span class='ocrx_word' id='word_1_86' title='bbox 1495 997 1670 1046; x_wconf 87' lang='lat' dir='ltr'>consti-</span> 
     </span>
     <span class='ocr_line' id='line_1_12' title="bbox 169 1075 1670 1140; baseline 0.002 -16"><span class='ocrx_word' id='word_1_87' title='bbox 169 1082 333 1124; x_wconf 85' lang='lat' dir='ltr'>tutum</span> <span class='ocrx_word' id='word_1_88' title='bbox 368 1077 433 1124; x_wconf 89' lang='lat' dir='ltr'>sit</span> <span class='ocrx_word' id='word_1_89' title='bbox 468 1082 526 1124; x_wconf 92' lang='lat' dir='ltr'>ut</span> <span class='ocrx_word' id='word_1_90' title='bbox 554 1075 616 1125; x_wconf 92' lang='lat' dir='ltr'>de</span> <span class='ocrx_word' id='word_1_91' title='bbox 646 1076 715 1125; x_wconf 90' lang='lat' dir='ltr'>eis</span> <span class='ocrx_word' id='word_1_92' title='bbox 744 1077 830 1140; x_wconf 91' lang='lat' dir='ltr'>qui</span> <span class='ocrx_word' id='word_1_93' title='bbox 861 1093 964 1125; x_wconf 91' lang='lat' dir='ltr'>rem</span> <span class='ocrx_word' id='word_1_94' title='bbox 993 1076 1263 1125; x_wconf 85' lang='lat' dir='ltr'>iudicarint</span> <span class='ocrx_word' id='word_1_95' title='bbox 1292 1077 1498 1126; x_wconf 90' lang='lat' dir='ltr'>huiusce</span> <span class='ocrx_word' id='word_1_96' title='bbox 1534 1078 1670 1127; x_wconf 90' lang='lat' dir='ltr'>modi</span> 
     </span>
     <span class='ocr_line' id='line_1_13' title="bbox 168 1157 1669 1222; baseline 0.001 -15"><span class='ocrx_word' id='word_1_97' title='bbox 168 1157 349 1207; x_wconf 87' lang='lat' dir='ltr'>iudicia</span> <span class='ocrx_word' id='word_1_98' title='bbox 407 1158 514 1207; x_wconf 91' lang='lat' dir='ltr'>fieri</span> <span class='ocrx_word' id='word_1_99' title='bbox 572 1159 776 1222; x_wconf 75' lang='lat' dir='ltr'>possint.</span> <span class='ocrx_word' id='word_1_100' title='bbox 878 1157 1068 1207; x_wconf 92' lang='lat' dir='ltr'>Vident</span> <span class='ocrx_word' id='word_1_101' title='bbox 1128 1159 1261 1207; x_wconf 91' lang='lat' dir='ltr'>enim</span> <span class='ocrx_word' id='word_1_102' title='bbox 1321 1160 1669 1208; x_wconf 89' lang='lat' dir='ltr'>auctoritatem</span> 
     </span>
     <span class='ocr_line' id='line_1_14' title="bbox 168 1237 1669 1304; baseline 0.002 -17"><span class='ocrx_word' id='word_1_103' title='bbox 168 1237 314 1288; x_wconf 89' lang='lat' dir='ltr'>huius</span> <span class='ocrx_word' id='word_1_104' title='bbox 344 1239 531 1288; x_wconf 87' lang='lat' dir='ltr'>ordinis</span> <span class='ocrx_word' id='word_1_105' title='bbox 562 1239 871 1288; x_wconf 85' lang='lat' dir='ltr'>confirmari:</span> <span class='ocrx_word' id='word_1_106' title='bbox 908 1239 1084 1288; x_wconf 89' lang='lat' dir='ltr'>vident</span> <span class='ocrx_word' id='word_1_107' title='bbox 1114 1239 1299 1288; x_wconf 90' lang='lat' dir='ltr'>iudicia</span> <span class='ocrx_word' id='word_1_108' title='bbox 1331 1241 1669 1304; x_wconf 86' lang='lat' dir='ltr'>comprobari:</span> 
     </span>
     <span class='ocr_line' id='line_1_15' title="bbox 169 1320 1670 1385; baseline 0.001 -16"><span class='ocrx_word' id='word_1_109' title='bbox 169 1321 258 1369; x_wconf 90' lang='lat' dir='ltr'>hoc</span> <span class='ocrx_word' id='word_1_110' title='bbox 304 1327 442 1370; x_wconf 91' lang='lat' dir='ltr'>metu</span> <span class='ocrx_word' id='word_1_111' title='bbox 488 1321 743 1385; x_wconf 87' lang='lat' dir='ltr'>proposito</span> <span class='ocrx_word' id='word_1_112' title='bbox 780 1320 990 1370; x_wconf 89' lang='lat' dir='ltr'>evellere</span> <span class='ocrx_word' id='word_1_113' title='bbox 1027 1338 1078 1369; x_wconf 92' lang='lat' dir='ltr'>se</span> <span class='ocrx_word' id='word_1_114' title='bbox 1115 1321 1340 1370; x_wconf 91' lang='lat' dir='ltr'>aculeum</span> <span class='ocrx_word' id='word_1_115' title='bbox 1389 1322 1670 1371; x_wconf 88' lang='lat' dir='ltr'>severitatis</span> 
     </span>
     <span class='ocr_line' id='line_1_16' title="bbox 97 1402 1795 1466; baseline 0.002 -19"><span class='ocrx_word' id='word_1_116' title='bbox 97 1416 142 1460; x_wconf 84' lang='lat'>15</span> <span class='ocrx_word' id='word_1_117' title='bbox 168 1409 358 1451; x_wconf 88' lang='lat' dir='ltr'>vestrae</span> <span class='ocrx_word' id='word_1_118' title='bbox 415 1419 557 1466; x_wconf 90' lang='lat' dir='ltr'>posse</span> <span class='ocrx_word' id='word_1_119' title='bbox 617 1402 888 1451; x_wconf 87' lang='lat' dir='ltr'>confidunt.</span> <span class='ocrx_word' id='word_1_120' title='bbox 986 1402 1108 1463; x_wconf 76' lang='lat' dir='ltr'>Quis</span> <span class='ocrx_word' id='word_1_121' title='bbox 1168 1403 1302 1451; x_wconf 88' lang='lat' dir='ltr'>enim</span> <span class='ocrx_word' id='word_1_122' title='bbox 1350 1403 1412 1452; x_wconf 91' lang='lat' dir='ltr'>de</span> <span class='ocrx_word' id='word_1_123' title='bbox 1471 1403 1671 1452; x_wconf 90' lang='lat' dir='ltr'>homine</span> <span class='ocrx_word' id='word_1_124' title='bbox 1696 1408 1795 1460; x_wconf 89' lang='lat'>153</span> 
     </span>
     <span class='ocr_line' id='line_1_17' title="bbox 167 1484 1671 1550; baseline 0.001 -17"><span class='ocrx_word' id='word_1_125' title='bbox 167 1485 347 1533; x_wconf 86' lang='lat' dir='ltr'>audeat</span> <span class='ocrx_word' id='word_1_126' title='bbox 404 1485 552 1549; x_wconf 89' lang='lat' dir='ltr'>paulo</span> <span class='ocrx_word' id='word_1_127' title='bbox 610 1484 881 1533; x_wconf 85' lang='lat' dir='ltr'>maioribus</span> <span class='ocrx_word' id='word_1_128' title='bbox 941 1485 1120 1548; x_wconf 86' lang='lat' dir='ltr'>opibus</span> <span class='ocrx_word' id='word_1_129' title='bbox 1180 1484 1407 1550; x_wconf 88' lang='lat' dir='ltr'>praedito</span> <span class='ocrx_word' id='word_1_130' title='bbox 1456 1501 1571 1534; x_wconf 88' lang='lat' dir='ltr'>vere</span> <span class='ocrx_word' id='word_1_131' title='bbox 1620 1491 1671 1534; x_wconf 90' lang='lat' dir='ltr'>et</span> 
     </span>
     <span class='ocr_line' id='line_1_18' title="bbox 166 1566 1671 1632; baseline 0 -16"><span class='ocrx_word' id='word_1_132' title='bbox 166 1567 364 1616; x_wconf 89' lang='lat' dir='ltr'>fortiter</span> <span class='ocrx_word' id='word_1_133' title='bbox 397 1567 628 1628; x_wconf 89' lang='lat' dir='ltr'>iudicare,</span> <span class='ocrx_word' id='word_1_134' title='bbox 657 1583 770 1615; x_wconf 89' lang='lat' dir='ltr'>cum</span> <span class='ocrx_word' id='word_1_135' title='bbox 806 1566 975 1615; x_wconf 86' lang='lat' dir='ltr'>videat</span> <span class='ocrx_word' id='word_1_136' title='bbox 1011 1566 1105 1616; x_wconf 88' lang='lat' dir='ltr'>sibi</span> <span class='ocrx_word' id='word_1_137' title='bbox 1142 1567 1204 1616; x_wconf 89' lang='lat' dir='ltr'>de</span> <span class='ocrx_word' id='word_1_138' title='bbox 1240 1584 1297 1616; x_wconf 95' lang='lat' dir='ltr'>eo</span> <span class='ocrx_word' id='word_1_139' title='bbox 1335 1567 1468 1632; x_wconf 91' lang='lat' dir='ltr'>quod</span> <span class='ocrx_word' id='word_1_140' title='bbox 1498 1568 1671 1617; x_wconf 86' lang='lat' dir='ltr'>coierit</span> 
     </span>
     <span class='ocr_line' id='line_1_19' title="bbox 167 1648 1266 1698; baseline 0.001 -1"><span class='ocrx_word' id='word_1_141' title='bbox 167 1654 254 1697; x_wconf 87' lang='lat' dir='ltr'>aut</span> <span class='ocrx_word' id='word_1_142' title='bbox 279 1648 583 1698; x_wconf 82' lang='lat' dir='ltr'>consenserit</span> <span class='ocrx_word' id='word_1_143' title='bbox 612 1665 809 1697; x_wconf 88' lang='lat' dir='ltr'>causam</span> <span class='ocrx_word' id='word_1_144' title='bbox 837 1665 941 1697; x_wconf 88' lang='lat' dir='ltr'>esse</span> <span class='ocrx_word' id='word_1_145' title='bbox 967 1648 1266 1698; x_wconf 66' lang='lat' dir='ltr'>dicendam?</span> 
     </span>
     <span class='ocr_line' id='line_1_20' title="bbox 233 1729 1669 1794; baseline 0 -15"><span class='ocrx_word' id='word_1_146' title='bbox 233 1730 364 1780; x_wconf 88' lang='lat' dir='ltr'><strong>LVI.</strong></span> <span class='ocrx_word' id='word_1_147' title='bbox 405 1730 447 1779; x_wconf 91' lang='lat' dir='ltr'>O</span> <span class='ocrx_word' id='word_1_148' title='bbox 478 1730 609 1778; x_wconf 88' lang='lat' dir='ltr'>viros</span> <span class='ocrx_word' id='word_1_149' title='bbox 639 1729 806 1790; x_wconf 79' lang='lat' dir='ltr'>forteS,</span> <span class='ocrx_word' id='word_1_150' title='bbox 843 1730 1034 1793; x_wconf 89' lang='lat' dir='ltr'>equites</span> <span class='ocrx_word' id='word_1_151' title='bbox 1064 1730 1330 1791; x_wconf 86' lang='lat' dir='ltr'>Romanos,</span> <span class='ocrx_word' id='word_1_152' title='bbox 1364 1731 1449 1794; x_wconf 91' lang='lat' dir='ltr'>qui</span> <span class='ocrx_word' id='word_1_153' title='bbox 1480 1730 1669 1780; x_wconf 89' lang='lat' dir='ltr'>homini</span> 
     </span>
     <span class='ocr_line' id='line_1_21' title="bbox 91 1810 1670 1876; baseline 0.001 -16"><span class='ocrx_word' id='word_1_154' title='bbox 91 1825 144 1854; x_wconf 91' lang='lat'>20</span> <span class='ocrx_word' id='word_1_155' title='bbox 166 1811 436 1861; x_wconf 88' lang='lat' dir='ltr'>clarissimo</span> <span class='ocrx_word' id='word_1_156' title='bbox 468 1828 522 1860; x_wconf 89' lang='lat' dir='ltr'>ac</span> <span class='ocrx_word' id='word_1_157' title='bbox 555 1810 918 1875; x_wconf 89' lang='lat' dir='ltr'>potentissimo,</span> <span class='ocrx_word' id='word_1_158' title='bbox 954 1811 1022 1861; x_wconf 90' lang='grc' dir='ltr'>Μ.</span> <span class='ocrx_word' id='word_1_159' title='bbox 1055 1811 1238 1871; x_wconf 89' lang='lat' dir='ltr'>Druso,</span> <span class='ocrx_word' id='word_1_160' title='bbox 1272 1812 1475 1861; x_wconf 87' lang='lat' dir='ltr'>tribuno</span> <span class='ocrx_word' id='word_1_161' title='bbox 1511 1812 1670 1876; x_wconf 88' lang='lat' dir='ltr'>plebis</span> 
     </span>
     <span class='ocr_line' id='line_1_22' title="bbox 167 1891 1671 1956; baseline 0.001 -16"><span class='ocrx_word' id='word_1_162' title='bbox 167 1893 471 1954; x_wconf 89' lang='lat' dir='ltr'>restiterunt,</span> <span class='ocrx_word' id='word_1_163' title='bbox 501 1909 611 1941; x_wconf 87' lang='lat' dir='ltr'>curn</span> <span class='ocrx_word' id='word_1_164' title='bbox 637 1892 719 1941; x_wconf 92' lang='lat' dir='ltr'>ille</span> <span class='ocrx_word' id='word_1_165' title='bbox 744 1891 870 1940; x_wconf 88' lang='lat' dir='ltr'>nihil</span> <span class='ocrx_word' id='word_1_166' title='bbox 897 1892 1032 1941; x_wconf 88' lang='lat' dir='ltr'>aliud</span> <span class='ocrx_word' id='word_1_167' title='bbox 1059 1898 1227 1956; x_wconf 82' lang='lat' dir='ltr'>ageret</span> <span class='ocrx_word' id='word_1_168' title='bbox 1247 1910 1356 1941; x_wconf 91' lang='lat' dir='ltr'>cum</span> <span class='ocrx_word' id='word_1_169' title='bbox 1383 1893 1469 1942; x_wconf 90' lang='lat' dir='ltr'>illa</span> <span class='ocrx_word' id='word_1_170' title='bbox 1493 1901 1671 1943; x_wconf 85' lang='lat' dir='ltr'>cuncta</span> 
     </span>
     <span class='ocr_line' id='line_1_23' title="bbox 167 1972 1671 2038; baseline 0.001 -16"><span class='ocrx_word' id='word_1_171' title='bbox 167 1990 291 2037; x_wconf 91' lang='lat' dir='ltr'>quae</span> <span class='ocrx_word' id='word_1_172' title='bbox 333 1980 442 2022; x_wconf 87' lang='lat' dir='ltr'>tum</span> <span class='ocrx_word' id='word_1_173' title='bbox 477 1979 584 2021; x_wconf 89' lang='lat' dir='ltr'>erat</span> <span class='ocrx_word' id='word_1_174' title='bbox 625 1972 901 2033; x_wconf 89' lang='lat' dir='ltr'>nobilitate,</span> <span class='ocrx_word' id='word_1_175' title='bbox 941 1974 1037 2022; x_wconf 91' lang='lat' dir='ltr'>nisi</span> <span class='ocrx_word' id='word_1_176' title='bbox 1076 1980 1134 2022; x_wconf 92' lang='lat' dir='ltr'>ut</span> <span class='ocrx_word' id='word_1_177' title='bbox 1175 1974 1210 2022; x_wconf 90' lang='lat' dir='ltr'>ii</span> <span class='ocrx_word' id='word_1_178' title='bbox 1247 1975 1333 2038; x_wconf 90' lang='lat' dir='ltr'>qui</span> <span class='ocrx_word' id='word_1_179' title='bbox 1375 1992 1480 2024; x_wconf 90' lang='lat' dir='ltr'>rem</span> <span class='ocrx_word' id='word_1_180' title='bbox 1520 1975 1671 2024; x_wconf 91' lang='lat' dir='ltr'>iudic-</span> 
     </span>
     <span class='ocr_line' id='line_1_24' title="bbox 167 2053 1670 2118; baseline 0.002 -15"><span class='ocrx_word' id='word_1_181' title='bbox 167 2060 332 2103; x_wconf 86' lang='lat' dir='ltr'>assent</span> <span class='ocrx_word' id='word_1_182' title='bbox 395 2054 598 2103; x_wconf 90' lang='lat' dir='ltr'>huiusce</span> <span class='ocrx_word' id='word_1_183' title='bbox 662 2053 798 2102; x_wconf 90' lang='lat' dir='ltr'>modi</span> <span class='ocrx_word' id='word_1_184' title='bbox 869 2055 1243 2118; x_wconf 89' lang='lat' dir='ltr'>quaestionibus</span> <span class='ocrx_word' id='word_1_185' title='bbox 1308 2056 1359 2105; x_wconf 92' lang='lat' dir='ltr'>in</span> <span class='ocrx_word' id='word_1_186' title='bbox 1429 2056 1670 2106; x_wconf 91' lang='lat' dir='ltr'>iudicium</span> 
     </span>
     <span class='ocr_line' id='line_1_25' title="bbox 172 2135 1666 2200; baseline 0.002 -16"><span class='ocrx_word' id='word_1_187' title='bbox 172 2142 472 2185; x_wconf 79' lang='lat' dir='ltr'>vocarentur.</span> <span class='ocrx_word' id='word_1_188' title='bbox 545 2136 685 2184; x_wconf 90' lang='lat' dir='ltr'>Tunc</span> <span class='ocrx_word' id='word_1_189' title='bbox 733 2135 786 2185; x_wconf 79' lang='lat' dir='ltr'>C.</span> <span class='ocrx_word' id='word_1_190' title='bbox 832 2135 1034 2185; x_wconf 85' lang='lat' dir='ltr'>Flavius</span> <span class='ocrx_word' id='word_1_191' title='bbox 1084 2137 1248 2198; x_wconf 80' lang='lat' dir='ltr'>Fusio,</span> <span class='ocrx_word' id='word_1_192' title='bbox 1296 2137 1384 2187; x_wconf 83' lang='lat' dir='ltr'>Cn.</span> <span class='ocrx_word' id='word_1_193' title='bbox 1437 2138 1666 2200; x_wconf 90' lang='lat' dir='ltr'>Titinius,</span> 
     </span>
     <span class='ocr_line' id='line_1_26' title="bbox 91 2217 1670 2285; baseline 0.002 -18"><span class='ocrx_word' id='word_1_194' title='bbox 91 2229 140 2272; x_wconf 88' lang='lat'>25</span> <span class='ocrx_word' id='word_1_195' title='bbox 170 2217 220 2267; x_wconf 82' lang='lat' dir='ltr'>O.</span> <span class='ocrx_word' id='word_1_196' title='bbox 259 2218 535 2277; x_wconf 86' lang='lat' dir='ltr'>Maecenas,</span> <span class='ocrx_word' id='word_1_197' title='bbox 577 2217 662 2266; x_wconf 91' lang='lat' dir='ltr'>illa</span> <span class='ocrx_word' id='word_1_198' title='bbox 709 2218 887 2266; x_wconf 86' lang='lat' dir='ltr'>robora</span> <span class='ocrx_word' id='word_1_199' title='bbox 933 2218 1104 2282; x_wconf 88' lang='lat' dir='ltr'>populi</span> <span class='ocrx_word' id='word_1_200' title='bbox 1147 2219 1374 2280; x_wconf 83' lang='lat' dir='ltr'>Romani,</span> <span class='ocrx_word' id='word_1_201' title='bbox 1422 2221 1670 2285; x_wconf 91' lang='lat' dir='ltr'>ceterique</span> 
     </span>
    </p>
   </div>
   <div class='ocr_carea' id='block_1_3' title="bbox 166 2404 1673 2769">
    <p class='ocr_par' dir='ltr' id='par_1_3' title="bbox 166 2404 1673 2769">
     <span class='ocr_line' id='line_1_27' title="bbox 223 2404 1670 2455; baseline 0.001 -9"><span class='ocrx_word' id='word_1_202' title='bbox 223 2407 283 2446; x_wconf 90' lang='lat'>10.</span> <span class='ocrx_word' id='word_1_203' title='bbox 319 2404 587 2445; x_wconf 68' lang='lat' dir='ltr'>constitutum</span> <span class='ocrx_word' id='word_1_204' title='bbox 606 2404 660 2444; x_wconf 76' lang='lat' dir='ltr'>sit</span> <span class='ocrx_word' id='word_1_205' title='bbox 737 2404 986 2454; x_wconf 74' lang='lat' dir='ltr'>iudicarint,</span> <span class='ocrx_word' id='word_1_206' title='bbox 1012 2405 1263 2455; x_wconf 84' lang='lat' dir='ltr'>Lambinus,</span> <span class='ocrx_word' id='word_1_207' title='bbox 1292 2406 1550 2448; x_wconf 81' lang='lat' dir='ltr'>Manutius:</span> <span class='ocrx_word' id='word_1_208' title='bbox 1579 2421 1670 2448; x_wconf 76' lang='lat' dir='ltr'>con-</span> 
     </span>
     <span class='ocr_line' id='line_1_28' title="bbox 166 2460 1673 2523; baseline 0.003 -13"><span class='ocrx_word' id='word_1_209' title='bbox 166 2470 358 2511; x_wconf 68' lang='lat' dir='ltr'>stitutum</span> <span class='ocrx_word' id='word_1_210' title='bbox 377 2475 434 2510; x_wconf 73' lang='lat' dir='ltr'>esc</span> <span class='ocrx_word' id='word_1_211' title='bbox 511 2469 764 2518; x_wconf 77' lang='lat' dir='ltr'>iudicarent,</span> <span class='ocrx_word' id='word_1_212' title='bbox 783 2469 906 2510; x_wconf 88' lang='lat' dir='ltr'>codd.</span> <span class='ocrx_word' id='word_1_213' title='bbox 960 2470 1025 2510; x_wconf 83' lang='lat'>21.</span> <span class='ocrx_word' id='word_1_214' title='bbox 1052 2483 1146 2511; x_wconf 80' lang='lat' dir='ltr'>cum</span> <span class='ocrx_word' id='word_1_215' title='bbox 1166 2471 1257 2519; x_wconf 75' lang='lat' dir='ltr'>illa,</span> <span class='ocrx_word' id='word_1_216' title='bbox 1277 2471 1397 2512; x_wconf 86' lang='lat' dir='ltr'>edd.:</span> <span class='ocrx_word' id='word_1_217' title='bbox 1429 2460 1673 2523; x_wconf 37' lang='lat' dir='ltr'>quam&#39;cum</span> 
     </span>
     <span class='ocr_line' id='line_1_29' title="bbox 166 2534 1670 2588; baseline 0.003 -14"><span class='ocrx_word' id='word_1_218' title='bbox 166 2535 257 2584; x_wconf 79' lang='lat' dir='ltr'>illa,</span> <span class='ocrx_word' id='word_1_219' title='bbox 281 2534 405 2575; x_wconf 84' lang='lat' dir='ltr'>codd.</span> <span class='ocrx_word' id='word_1_220' title='bbox 466 2535 530 2575; x_wconf 83' lang='lat'>22.</span> <span class='ocrx_word' id='word_1_221' title='bbox 556 2539 602 2574; x_wconf 79' lang='lat' dir='ltr'>ut</span> <span class='ocrx_word' id='word_1_222' title='bbox 622 2534 656 2574; x_wconf 73' lang='lat' dir='ltr'>iz·</span> <span class='ocrx_word' id='word_1_223' title='bbox 676 2534 761 2586; x_wconf 80' lang='lat' dir='ltr'>qui,</span> <span class='ocrx_word' id='word_1_224' title='bbox 786 2534 949 2575; x_wconf 84' lang='lat' dir='ltr'>Halm:</span> <span class='ocrx_word' id='word_1_225' title='bbox 971 2535 1127 2587; x_wconf 72' lang='lat' dir='ltr'>utique,</span> <span class='ocrx_word' id='word_1_226' title='bbox 1152 2535 1298 2576; x_wconf 65' lang='lat' dir='ltr'>codd:</span> <span class='ocrx_word' id='word_1_227' title='bbox 1321 2536 1383 2576; x_wconf 75' lang='lat' dir='ltr'>uti</span> <span class='ocrx_word' id='word_1_228' title='bbox 1404 2537 1491 2588; x_wconf 76' lang='lat' dir='ltr'>qui,</span> <span class='ocrx_word' id='word_1_229' title='bbox 1518 2538 1670 2578; x_wconf 89' lang='lat' dir='ltr'>Manu-</span> 
     </span>
     <span class='ocr_line' id='line_1_30' title="bbox 166 2598 1672 2655; baseline 0.003 -16"><span class='ocrx_word' id='word_1_230' title='bbox 166 2600 268 2639; x_wconf 83' lang='lat' dir='ltr'>tius.</span> <span class='ocrx_word' id='word_1_231' title='bbox 329 2600 394 2639; x_wconf 82' lang='lat'>25.</span> <span class='ocrx_word' id='word_1_232' title='bbox 429 2598 630 2650; x_wconf 77' lang='lat' dir='ltr'>ceterique</span> <span class='ocrx_word' id='word_1_233' title='bbox 650 2598 835 2639; x_wconf 73' lang='lat' dir='ltr'>eiusdem</span> <span class='ocrx_word' id='word_1_234' title='bbox 854 2600 1031 2648; x_wconf 75' lang='lat' dir='ltr'>ordinis,</span> <span class='ocrx_word' id='word_1_235' title='bbox 1057 2600 1204 2650; x_wconf 73' lang='lat' dir='ltr'>Klotz,</span> <span class='ocrx_word' id='word_1_236' title='bbox 1230 2601 1438 2654; x_wconf 85' lang='lat' dir='ltr'>Madvig:</span> <span class='ocrx_word' id='word_1_237' title='bbox 1470 2603 1672 2655; x_wconf 74' lang='lat' dir='ltr'>ceterique</span> 
     </span>
     <span class='ocr_line' id='line_1_31' title="bbox 168 2663 1668 2718; baseline 0.003 -15"><span class='ocrx_word' id='word_1_238' title='bbox 168 2663 416 2704; x_wconf 50' lang='lat' dir='ltr'>eiuscemodi</span> <span class='ocrx_word' id='word_1_239' title='bbox 446 2663 762 2710; x_wconf 78' lang='lat' dir='ltr'>(huiuscemodi,</span> <span class='ocrx_word' id='word_1_240' title='bbox 796 2666 842 2712; x_wconf 87' lang='grc' dir='ltr'>ω)</span> <span class='ocrx_word' id='word_1_241' title='bbox 873 2664 1050 2713; x_wconf 76' lang='lat' dir='ltr'>ordinis,</span> <span class='ocrx_word' id='word_1_242' title='bbox 1074 2676 1149 2705; x_wconf 83' lang='lat' dir='ltr'>s&#39;r:</span> <span class='ocrx_word' id='word_1_243' title='bbox 1181 2666 1462 2718; x_wconf 77' lang='lat' dir='ltr'>equestrisque</span> <span class='ocrx_word' id='word_1_244' title='bbox 1491 2667 1668 2718; x_wconf 70' lang='lat' dir='ltr'>ordinis,</span> 
     </span>
     <span class='ocr_line' id='line_1_32' title="bbox 167 2727 355 2769; baseline 0 0"><span class='ocrx_word' id='word_1_245' title='bbox 167 2727 355 2769; x_wconf 83' lang='lat' dir='ltr'>Classen.</span> 
     </span>
    </p>
   </div>
  </div>
 </body>
</html>
