1858 2956
677 125 810 176 PRO
843 126 907 175 Α.
952 125 1309 187 CLUENTIO.
1645 128 1739 176 103

242 259 501 324 Oppianici
539 260 854 325 quaestiones
872 279 886 322 3
927 260 1107 325 quibus
1144 262 1294 310 finem
1330 260 1598 325 aliquando
1639 278 1740 310 non

240 341 458 390 mulieris
494 342 684 402 modus,
715 341 799 390 sed
835 342 1105 390 amicorum
1141 342 1411 391 auctoritas
1452 343 1587 392 fecit.
1658 342 1740 391 Ab

241 423 413 472 eodem
460 424 638 473 scelere
691 423 804 472 illae
864 423 1081 473 triennio
1139 430 1253 488 post
1311 423 1511 473 habitae
1570 423 1741 472 Larini

240 506 552 569 quaestiones
570 524 584 567 3
619 505 841 555 eiusdem
877 506 1124 555 amentiae
1159 506 1311 555 falsae
1354 506 1740 570 conscriptiones

191 600 215 646 5
239 588 584 652 quaestionum
602 607 615 649 3
651 604 714 636 ex
738 587 911 637 eodem
936 588 1102 636 furore
1127 587 1277 636 etiam
1302 587 1387 636 illa
1411 587 1742 636 conscelerata

239 671 454 719 exsectio
502 670 699 735 linguae
715 687 729 730 3
777 669 932 718 totius
980 669 1196 733 denique
1245 669 1392 718 huius
1431 670 1492 718 ab
1539 669 1625 718 illa
1667 675 1742 718 est

237 756 288 799 et
322 751 526 800 inventa
561 756 612 799 et
647 750 888 800 adornata
923 751 1226 815 comparatio
1262 750 1499 799 criminis.
1570 751 1741 814 Atque
1765 748 1858 800 192

237 831 314 880 his
370 832 519 881 rebus
577 849 690 881 cum
748 832 1053 881 instructum
1111 837 1446 881 accusatorem
1494 831 1596 880 filio
1652 848 1741 880 suo

237 912 448 962 Romam
509 914 740 974 misisset,
803 914 911 978 ipsa
968 912 1224 977 paulisper
1290 913 1742 977 conquirendorum

165 1012 215 1043 10
237 999 287 1043 et
334 994 768 1044 conducendorum
815 995 1023 1044 testium
1071 1011 1218 1044 causa
1274 994 1447 1044 Larini
1495 1000 1570 1043 est
1617 1012 1741 1044 com-

236 1082 427 1126 morata
443 1097 456 1138 3
514 1083 688 1141 postea
735 1082 904 1126 autem
951 1094 1101 1141 quam
1149 1077 1547 1142 appropinquare
1594 1077 1741 1127 huius

234 1156 473 1206 iudicium
511 1158 557 1207 ei
588 1158 876 1207 nuntiatum
909 1164 997 1218 est,
1035 1159 1291 1207 confestim
1331 1158 1428 1207 huc
1470 1159 1738 1219 advolavit,

235 1255 297 1288 ne
334 1245 422 1287 aut
457 1240 824 1288 accusatoribus
861 1239 1122 1304 diligentia
1157 1245 1244 1289 aut
1279 1240 1488 1304 pecunia
1529 1241 1742 1290 testibus

234 1320 441 1380 deesset,
485 1327 573 1369 aut
613 1338 677 1370 ne
717 1321 846 1370 forte
889 1327 1049 1371 mater
1091 1321 1183 1370 hoc
1231 1321 1325 1370 sibi
1373 1322 1740 1386 optatissimum

163 1416 210 1460 15
234 1401 564 1466 spectaculum
615 1402 764 1451 huius
813 1403 1036 1452 sordium
1082 1408 1234 1467 atque
1281 1403 1443 1452 luctus
1503 1409 1554 1452 et
1611 1404 1741 1452 tanti

234 1483 475 1549 squaloris
512 1484 779 1534 amitteret.

298 1565 538 1615 LXVIII.
577 1566 684 1615 Iam
713 1583 832 1615 vero
865 1566 999 1630 quod
1031 1566 1128 1615 iter
1152 1567 1364 1616 Romam
1389 1567 1494 1616 eius
1518 1566 1740 1616 mulieris

232 1646 384 1695 fuisse
441 1646 778 1696 existimatis?
840 1646 976 1710 quod
1031 1664 1121 1710 ego
1174 1653 1378 1712 propter
1430 1648 1739 1697 vicinitatem

232 1727 564 1792 Aquinatium
614 1733 666 1776 et
713 1727 1132 1776 Fabraternorum
1172 1745 1235 1777 ex
1272 1728 1443 1777 multis
1482 1728 1653 1778 audivi
1689 1735 1740 1778 et

157 1837 212 1867 20
233 1809 450 1874 comperi
461 1827 474 1870 3
510 1825 633 1873 quos
676 1802 938 1858 concursus
978 1809 1031 1856 in
1072 1809 1150 1857 his
1187 1809 1398 1874 oppidis,
1435 1816 1648 1874 quantos
1689 1816 1740 1860 et

233 1890 452 1940 virorum
477 1896 528 1939 et
552 1889 816 1939 mulierum
840 1890 1056 1954 gemitus
1089 1907 1192 1939 esse
1216 1891 1404 1940 factos‘l
1473 1891 1738 1941 Mulierem

232 1971 482 2035 quandam
520 1970 703 2020 Larino
749 1970 914 2031 adesse,
960 1977 1110 2035 atque
1152 1971 1288 2020 illam
1329 1989 1486 2036 usque
1536 1989 1565 2021 a
1613 1973 1738 2021 mari

231 2068 409 2116 supero
456 2052 666 2101 Romam
714 2052 956 2116 proficisci
1005 2069 1116 2101 cum
1170 2070 1350 2118 magno
1398 2054 1640 2103 comitatu
1664 2085 1667 2089 -
1687 2060 1738 2103 et

231 2132 452 2196 pecunia,
475 2150 572 2197 quo
597 2133 788 2181 facilius
809 2133 1165 2182 circumvenire
1184 2133 1367 2183 iudicio
1387 2135 1562 2198 capitis
1587 2140 1736 2199 atque

157 2227 208 2271 25
232 2210 508 2274 opprimere
543 2210 700 2259 filium
733 2211 919 2275 possit!
989 2211 1149 2260 Nemo
1186 2218 1292 2261 erat
1328 2212 1541 2273 illorum,
1580 2229 1736 2276 paene
1761 2216 1858 2268 193

6 2382 9 2444 l
285 2404 322 2442 9.
347 2401 524 2442 misisset
543 2403 653 2454 ipsa,
678 2415 750 2443 s'r:
783 2403 881 2455 ipsa
901 2404 1091 2454 misisset,
1117 2421 1157 2445 ω.
1215 2407 1275 2445 11.
1302 2418 1446 2456 quam,
1468 2417 1544 2446 ST:
1575 2419 1680 2454 cum,
1704 2402 1737 2445 ’ω

232 2467 270 2514 (ἓ
293 2467 398 2516 181).
460 2468 519 2507 19.
545 2467 882 2518 Afraternorum
901 2482 949 2508 01·
971 2469 1292 2518 Fraternorum,
1318 2470 1442 2510 codd.
1499 2471 1564 2510 22.
1594 2471 1736 2510 adesse

231 2530 268 2568 is
298 2543 371 2582 my
401 2531 532 2582 conj.:
568 2531 736 2572 Larino
765 2538 891 2584 atque
918 2533 1052 2582 illam,
1087 2533 1233 2574 codd.:
1270 2534 1438 2574 Larino
1465 2540 1588 2585 atque
1613 2534 1731 2583 illim,

233 2594 441 2647 Madvig:
472 2595 726 2637 Larinatem
751 2596 874 2647 illim,
895 2597 1078 2639 Miiller:
1111 2598 1363 2638 Larinatem
1387 2599 1477 2648 illa,
1500 2599 1733 2652 Pluygers:

231 2658 484 2699 Larinatem
513 2660 587 2700 iila
613 2661 697 2710 via,
722 2661 847 2702 Reid.
910 2662 1130 2702 Hartman
1156 2662 1303 2702 would
1330 2662 1473 2703 delete
1502 2663 1624 2703 illam
1648 2663 1735 2703 aud

228 2722 334 2763 read
355 2723 521 2764 Larino
541 2730 666 2776 atque
685 2738 826 2777 usque.
883 2727 948 2766 25.
970 2727 1117 2777 possit,
1142 2740 1273 2778 many
1294 2727 1440 2768 codd.:
1466 2734 1618 2779 posset,
1643 2740 1730 2769 S'rF.
