1820 2956
583 100 715 150 PRO
756 103 820 149 A.
863 99 940 148 GL
952 97 1220 147 UENTIO.
1588 96 1647 141 25

152 253 324 302 genem
366 235 621 284 Fabricius
662 233 724 282 ad
766 249 1013 282 venenum
1059 231 1246 279 Habito
1294 229 1517 278 dandum
1563 243 1649 290 spe

152 324 202 367 et
241 316 401 381 pretio
443 315 706 365 sollicitare
749 314 923 378 coepit.
1014 313 1198 361 Servus
1238 328 1339 360 non
1386 309 1649 358 incallidus

151 403 213 458 et,
258 404 316 446 ut
355 414 432 446 res
470 397 578 461 ipsa
617 395 901 455 declaravit,
944 393 1076 458 frugi
1114 399 1263 457 atque
1305 393 1513 455 integer,
1557 406 1650 439 ser-

152 496 348 528 monem
419 477 615 527 Fabrici
687 494 788 526 non
859 481 935 525 est
995 481 1288 540 aspernatus
1321 494 1330 524 :
1413 490 1517 522 rem
1587 470 1650 521 ad

102 569 127 617 5
151 560 409 609 dominum
444 558 639 608 detulit.
727 557 1066 622 Cleophantus
1102 562 1268 605 autem
1307 571 1419 604 cum
1461 553 1651 602 Habito

151 647 226 692 est
283 641 565 690 collocutus.
663 639 882 688 Habitus
941 639 1111 687 statim
1171 654 1282 685 cum
1340 636 1409 684 M.
1467 634 1651 684 Baebio

151 728 390 782 senatore,
451 720 834 771 familiarissimo
906 736 1009 778 suo,
1073 717 1494 779 communicavit3
1564 715 1651 780 qui

151 820 247 868 qua
303 802 414 861 fide,
475 819 574 867 qua
642 801 920 866 prudentia,
982 817 1081 865 qua
1156 799 1416 863 diligentia
1486 797 1648 857 fuerit,

154 885 431 934 meminisse
479 900 567 933 vos
615 883 837 931 arbitror.
930 882 991 930 Ei
1038 879 1225 945 placuit
1271 886 1330 929 ut
1375 879 1651 945 Diogenem

77 982 130 1014 10
153 966 368 1016 Habitus
438 970 624 1014 emeret
681 981 711 1013 a
770 963 1096 1028 Cleophanto,
1159 979 1258 1027 quo
1316 961 1507 1010 facilius
1566 966 1652 1010 aut

151 1046 651 1112 comprehenderetur
707 1062 784 1094 res
844 1045 950 1094 eius
1008 1044 1192 1093 indicio
1241 1049 1327 1092 aut
1371 1043 1496 1092 falsa
1547 1059 1651 1091 esse

151 1134 537 1194 cognosceretur.
629 1127 707 1176 Ne
743 1126 914 1187 multa,
954 1126 1203 1190 Diogenes
1239 1124 1454 1174 emitur:
1510 1140 1652 1173 vene-

149 1227 269 1259 num
315 1209 491 1259 diebus
549 1208 718 1272 paucis
776 1212 1117 1271 comparatur:
1178 1205 1325 1254 multi
1382 1205 1478 1254 viri
1535 1204 1652 1253 boni

151 1309 262 1341 cum
309 1308 372 1340 ex
419 1290 610 1340 occulto
661 1289 1060 1347 intervenissent,
1110 1287 1319 1352 pecunia
1377 1286 1649 1350 obsignata,

79 1388 127 1433 15
151 1390 276 1437 quae
315 1373 378 1422 ob
419 1389 528 1421 eam
568 1388 674 1420 rem
717 1370 944 1429 dabatur,
987 1370 1041 1418 in
1087 1369 1317 1417 manibus
1365 1367 1652 1417 Scamandri

150 1455 318 1504 liberti
353 1453 694 1502 Fabriciorum
731 1451 1134 1516 deprehenditur.

217 1535 315 1584 Pro
357 1534 408 1584 di
460 1533 795 1583 immortales!
883 1532 1214 1597 Oppianicum
1267 1532 1530 1595 quisquam
1576 1530 1654 1579 his
1679 1534 1747 1588 48

151 1617 295 1667 rebus
361 1616 573 1680 cognitis
626 1615 1019 1664 circumventum
1071 1630 1175 1663 esse
1229 1613 1400 1662 dicet?
1484 1612 1650 1662 XVII.

152 1699 271 1760 Quis
306 1715 543 1762 umquam
579 1697 824 1757 audacior,
857 1696 967 1760 quis
995 1696 1266 1753 nocentior,
1299 1695 1410 1759 quis
1439 1695 1656 1758 apertior

75 1781 201 1830 zoin
249 1780 487 1829 iudicium
533 1779 777 1827 adductus
825 1780 941 1827 est?
1025 1777 1170 1838 Quod
1218 1777 1489 1842 ingenium,
1530 1793 1655 1840 quae

150 1861 357 1911 facultas
415 1860 627 1920 dicendi,
679 1877 805 1923 quae
852 1876 881 1907 a
929 1875 1179 1922 quoquam
1238 1858 1520 1922 excogitata
1577 1857 1655 1905 de-

152 1944 309 1994 fensio
357 1942 471 1991 huic
518 1942 605 1990 uni
654 1941 847 1990 crimini
907 1941 1072 2003 potuit
1129 1940 1405 1989 obsistere'l
1496 1939 1656 1987 Simul

152 2031 203 2075 et
238 2024 363 2073 illud
401 2024 511 2087 quis
550 2028 625 2072 est
661 2023 746 2086 qui
785 2021 996 2080 dubitet,
1033 2021 1153 2085 quin
1189 2021 1280 2069 hac
1315 2038 1367 2069 re
1405 2027 1657 2084 comperta

152 2106 511 2169 manifestoque
548 2104 856 2168 deprehensa
886 2109 973 2151 aut
1008 2102 1238 2151 obeunda
1265 2119 1398 2151 mors
1423 2102 1656 2152 Cluentio

77 2206 128 2251 25
153 2194 239 2238 aut
273 2186 586 2251 suscipienda
622 2185 868 2234 accusatio
904 2185 1093 2233 fuerit?

219 2269 352 2319 Satis
413 2285 518 2317 esse
578 2267 793 2316 arbitror
850 2266 1263 2326 demonstratum,
1324 2266 1526 2327 iudices,
1588 2267 1657 2315 eis
1680 2261 1748 2313 49

154 2350 441 2401 criminibus
488 2356 773 2398 accusatum
821 2364 925 2397 esse
964 2347 1293 2412 Oppianicum
1335 2348 1410 2396 uti
1451 2347 1657 2396 honeste

208 2494 245 2535 3.
271 2499 322 2542 et,
345 2504 414 2533 S'r:
445 2493 531 2541 sed,
549 2507 590 2532 ω.
644 2493 683 2531 8.
707 2490 942 2542 οἰὶἰίῃεηιῐα,
967 2501 1036 2530 S'r:
1066 2489 1285 2541 difjnitate,
1312 2505 1353 2530 ω.
1409 2491 1471 2531 12.
1508 2492 1655 2540 multa,

155 2571 226 2600 ST:
248 2557 405 2607 multis,
423 2572 464 2598 ω.
509 2557 571 2598 13.
590 2562 880 2608 comparatur,
899 2567 961 2604 ST,
980 2554 1172 2607 Sylvius,
1189 2554 1277 2594 and
1291 2558 1406 2594 most
1422 2555 1542 2596 edd.:
1571 2569 1654 2597 om.

155 2635 231 2664 ΕΜ.
280 2624 341 2663 14.
354 2621 552 2674 pecunia,
564 2633 636 2662 szr:
661 2621 939 2672 pecuniaque,
951 2635 991 2659 ω.
1043 2621 1103 2660 15.
1122 2619 1183 2667 ob,
1197 2631 1332 2660 srrm:
1359 2621 1430 2669 ad,
1446 2620 1652 2673 dett.(cp.

156 2691 177 2736 ἓ
201 2689 307 2736 135).
367 2688 434 2727 24,
467 2686 787 2736 manifestoque,
809 2700 839 2724 ω
860 2687 943 2737 (cp.
963 2687 985 2733 ἓ
1005 2686 1070 2733 40,
1091 2687 1112 2733 ἓ
1131 2685 1225 2734 43):
1256 2684 1571 2736 manifesteque,
1592 2697 1655 2726 s'r.
