1820 2956
133 115 194 162 46
564 113 697 162 PRO
733 114 798 163 A.
841 114 918 162 CL
930 114 1198 163 UENTIO.

131 247 404 312 Oppianico
436 247 700 296 videretur.
774 247 883 308 Qua
915 265 967 297 re
997 249 1037 296 si
1066 250 1213 297 istinc
1243 266 1389 298 causa
1418 267 1629 299 corrum—

133 329 281 393 pendi
317 328 499 388 iudicii,
528 329 568 376 si
604 329 748 377 istinc
785 330 1005 393 pecunia,
1035 330 1182 379 istinc
1212 330 1456 391 Staienus,
1483 332 1629 380 istinc

131 410 344 473 denique
403 410 562 458 omnis
611 411 742 458 fraus
790 416 842 458 et
888 411 1092 460 audacia
1139 418 1228 471 est,
1279 412 1393 460 hinc
1452 412 1624 476 pudor,

132 491 340 540 honesta
374 491 492 551 vita,
531 491 669 539 nulla
704 492 917 556 suspicio
952 493 1204 556 pecuniae,
1242 493 1379 541 nulla
1421 510 1631 542 corrum-

133 573 281 637 pendi
309 572 478 621 iudicii
509 589 666 633 causa,
695 573 926 637 patimini
950 574 1160 623 veritate
1198 575 1447 639 patefacta
1482 581 1630 638 atque

132 655 267 703 omni
314 670 476 703 errore
524 654 720 703 sublato
767 671 824 703 60
873 655 1083 704 transire
1131 655 1264 703 illius
1306 655 1631 719 turpitudinis

131 736 386 784 infamiam
443 735 529 784 ubi
588 741 749 784 cetera
802 736 1040 785 maleficia
1087 737 1395 786 consistunt:
1454 737 1517 786 ab
1575 754 1632 786 eo

131 817 371 866 invidiam
419 816 670 866 discedere
719 817 987 881 aliquando
1046 818 1110 867 ad
1169 836 1316 882 quem
1362 836 1631 883 numquam

131 899 388 948 accessisse
431 899 627 962 culpam
668 898 862 948 videtis.

43 977 109 1029 84
200 979 389 1028 XXXI.
419 979 490 1028 At
515 979 645 1028 enim
671 981 930 1044 pecuniam
950 980 1152 1030 Staieno
1172 981 1312 1031 dedit
1331 982 1633 1046 Oppianicus

131 1078 231 1110 non
251 1061 314 1110 ad
333 1060 750 1125 corrumpendum
774 1061 1026 1122 iudicium,
1050 1062 1136 1110 sed
1157 1062 1219 1110 ad
1239 1063 1633 1112 conciliationem

131 1143 331 1207 gratiae.
429 1142 563 1190 Tene
622 1142 727 1200 hoc,
781 1143 912 1202 Acci,
965 1142 1140 1203 dicere,
1204 1143 1293 1192 tali
1351 1143 1631 1208 prudentia,

133 1224 285 1272 etiam
321 1241 414 1272 usu
451 1229 601 1287 atque
638 1223 992 1273 exercitatione
1029 1224 1340 1289 praeditum!
1413 1225 1636 1289 Sapient-

132 1301 355 1350 issimum
403 1318 506 1350 esse
553 1301 727 1350 dicunt
774 1319 886 1351 eum
942 1303 1019 1351 cui
1067 1303 1202 1367 quod
1257 1320 1381 1368 opus
1428 1304 1494 1351 sit
1540 1303 1635 1368 ipsi

133 1379 303 1428 veniat
361 1380 411 1427 in
471 1386 718 1441 mentem3
777 1381 1003 1444 proxime
1062 1380 1292 1430 accedere
1351 1380 1493 1430 illum
1551 1382 1635 1446 qui

133 1461 335 1510 alterius
370 1462 496 1510 bene
532 1461 750 1510 inventis
787 1462 1110 1526 obtemperet.
1183 1461 1244 1510 In
1281 1462 1496 1511 stultitia
1528 1479 1637 1511 con-

134 1549 212 1591 tra
270 1548 374 1592 est:
438 1543 603 1591 minus
650 1543 780 1590 enim
830 1542 1013 1591 stultus
1066 1549 1141 1591 est
1187 1543 1229 1591 is
1277 1544 1354 1592 cui
1401 1543 1526 1591 nihil
1584 1544 1636 1591 in

134 1630 352 1673 mentem
377 1624 527 1683 venit,
556 1641 704 1687 quam
740 1623 823 1672 ille
858 1624 944 1687 qui
977 1624 1110 1688 quod
1145 1624 1297 1672 stulte
1330 1624 1474 1673 alteri
1499 1625 1638 1673 venit

134 1707 184 1754 in
211 1711 429 1755 mentem
461 1705 762 1768 comprobat.
836 1706 988 1754 Istam
1024 1706 1417 1754 conciliationem
1449 1706 1637 1770 gratiae

136 1788 366 1837 Staienus
404 1794 513 1836 tum
551 1787 738 1836 recenti
775 1804 841 1846 re,
885 1804 997 1836 cum
1043 1787 1268 1836 faucibus
1315 1793 1634 1851 premeretur,

136 1869 470 1934 excogitavit3
522 1869 640 1927 sive,
685 1875 743 1917 ut
793 1869 1017 1918 homines
1067 1875 1172 1917 tum
1223 1869 1567 1933 loquebantur,
1610 1887 1640 1918 a

137 1952 190 2007 Ε.
237 1950 457 2015 Cethego
500 1950 796 2010 admonitus,
846 1950 994 1999 istam
1042 1950 1182 1999 dedit
1227 1950 1638 1999 ‘conciliationis'

47 2041 113 2093 85
138 2039 188 2081 et
226 2033 466 2097 ‘gratiae’
503 2032 735 2081 fabulam.
811 2032 944 2081 Nam
979 2032 1131 2081 fuisse
1169 2032 1300 2080 hunc
1337 2038 1447 2080 tum
1486 2032 1640 2080 homi-

137 2130 258 2162 num
299 2130 575 2162 sermonem
613 2113 861 2162 recordari
899 2113 1139 2177 potestis:
1177 2112 1470 2177 Cethegum,
1508 2113 1639 2177 quod

137 2195 390 2244 hominem
426 2194 612 2243 odisset
648 2201 698 2243 et
733 2194 867 2259 quod
906 2194 1011 2243 eius
1046 2194 1419 2258 improbitatem
1454 2194 1639 2243 versari

137 2277 189 2325 in
225 2294 278 2325 re
313 2276 511 2341 publica
545 2276 702 2325 nollet
738 2283 788 2325 et
824 2275 958 2340 quod
990 2276 1185 2325 videret
1222 2293 1335 2325 eum
1371 2276 1457 2340 qui
1493 2293 1544 2324 se
1579 2277 1641 2325 ab

137 2374 221 2407 reo
269 2357 543 2422 pecuniam,
587 2374 700 2407 cum
741 2357 894 2405 iudex
935 2363 1076 2418 esset,
1128 2357 1254 2406 clam
1301 2363 1452 2421 atque
1501 2363 1642 2406 extra

138 2438 364 2488 ordinem
403 2438 645 2502 accepisse
684 2438 935 2486 confessus
977 2444 1120 2498 esset,
1161 2438 1354 2486 salvum
1396 2454 1499 2487 esse
1541 2455 1642 2486 non

191 2531 230 2571 5.
272 2529 519 2582 patiamini,
560 2541 599 2570 Τ.
670 2530 736 2570 21.
780 2529 1024 2569 Mommsen
1063 2529 1173 2581 conj.
1212 2529 1298 2569 sive
1335 2531 1422 2582 ipsc
1457 2529 1541 2570 sive
1578 2536 1638 2579 ut,

139 2595 347 2647 omitting
378 2594 504 2644 (with
533 2605 583 2634 sm
610 2594 697 2633 and
730 2597 847 2633 most
881 2593 1002 2642 edd.)
1031 2593 1161 2633 istam
1188 2593 1307 2634 dedit
1335 2594 1643 2635 conciliationis

85 2691 88 2694 .
139 2665 175 2698 et
204 2661 370 2710 qratiae
389 2658 608 2709 fabulam,
632 2658 679 2697 in
707 2657 829 2698 what
856 2657 1038 2700 follows,
1096 2658 1162 2699 22.
1187 2658 1317 2700 dedit.
1370 2658 1450 2713 Qy.
1476 2658 1644 2700 edidit?

138 2724 202 2764 23.
239 2729 342 2771 tum,
365 2734 441 2764 s'r:
473 2736 555 2762 om.
582 2738 624 2763 ω.

1662 1001 1710 1029 10

1665 1404 1708 1446 15

1662 1813 1714 1841 20

1816 417 1820 428 -
1815 298 1820 404 ...η-ᾖ.
1812 71 1820 287 .«..-1-.-·.-·
1812 27 1820 57 .-
1814 0 1820 12 -
