1858 2956
191 115 253 161 92
444 166 446 168 ,
626 115 756 164 PRO
791 116 855 165 A.
899 115 1257 168 CLUE'NTIO.

189 263 292 296 esse
339 248 619 298 conflatum.
693 249 1021 312 Oppianicum
1070 267 1261 299 veneno
1308 257 1539 300 necatum
1580 268 1683 301 esse

189 328 321 392 quod
347 329 392 377 ei
416 328 586 377 datum
615 329 680 377 sit
704 329 753 377 in
782 346 908 393 pane
932 347 1020 394 per
1046 331 1112 379 M.
1142 331 1387 380 Asellium
1423 332 1682 396 quendam,

188 409 477 457 familiarem
519 409 665 469 illius,
700 410 851 474 idque
895 411 1073 460 Habiti
1113 412 1316 461 consilio
1356 413 1541 461 factum
1583 429 1684 462 esse

188 490 363 539 dicitis.
451 491 512 539 In
555 507 654 555 quo
695 492 913 555 primum
961 492 1085 541 illud
1128 510 1325 558 quaero,
1369 499 1495 557 quae
1542 510 1687 542 causa

188 571 375 620 Habito
432 571 584 620 fuerit
642 589 728 620 cur
783 572 1059 623 interficere
1129 574 1460 640 Oppianicum
1519 574 1681 624 vellet.
1739 593 1761 637 5

186 651 479 702 Inimicitias
539 653 672 702 enim
730 654 862 703 inter
920 671 1003 704 eos
1061 655 1213 705 fuisse
1272 657 1512 706 confiteor
1525 675 1539 718 3
1599 656 1683 706 sed

186 733 409 783 homines
444 734 670 783 inimicos
706 751 820 783 suos
856 741 1016 785 morte
1054 736 1197 785 adfici
1234 737 1412 786 volunt
1437 742 1524 786 aut
1548 737 1682 801 quod

63 816 161 870 170
187 813 309 881 [eos]
336 822 568 864 metuunt
593 822 679 865 aut
704 816 839 880 quod
864 818 1091 867 oderunt.
1166 818 1275 879 Quo
1300 818 1504 868 tandem
1528 819 1681 883 igitur

185 895 401 944 Habitus
442 903 579 945 metu
614 897 858 946 adductus
900 903 1098 947 tantum
1136 899 1188 947 in
1225 916 1276 948 se
1310 899 1500 949 facinus
1538 900 1679 949 susci·

185 993 297 1040 pere
336 984 542 1026 conatus
581 981 692 1027 est?
739 978 861 1043 quid
899 986 1004 1028 erat
1043 979 1177 1044 quod
1214 981 1314 1029 iam
1353 981 1680 1045 Oppianicum
1710 1002 1759 1032 10

183 1075 342 1122 poena
376 1059 625 1108 adfectum
666 1078 756 1125 pro
799 1061 1049 1110 maleficiis
1086 1068 1136 1110 et
1171 1063 1382 1111 eiectum
1418 1080 1444 1112 6
1480 1063 1679 1114 civitate

183 1140 442 1204 quisquam
470 1141 705 1190 timeret?
743 1141 866 1206 quid
902 1143 1190 1192 metuebat2
1225 1160 1287 1192 ne
1313 1150 1680 1210 oppugnaretur

184 1238 212 1269 a
257 1221 485 1284 perdito‘l
540 1240 604 1271 an
645 1240 708 1271 ne
751 1230 1063 1273 accusaretur
1109 1242 1137 1273 a
1184 1224 1457 1274 damnato‘l
1510 1243 1572 1275 an
1620 1243 1680 1276 116

183 1303 366 1352 exsulis
392 1304 678 1353 testimonio
703 1304 1009 1354 laedereturl
1083 1306 1135 1354 Si
1160 1313 1326 1356 autem
1351 1307 1485 1370 quod
1510 1307 1682 1356 oderat

183 1386 398 1435 Habitus
457 1386 727 1446 inimicum,
777 1387 959 1436 idcirco
1017 1387 1159 1436 illum
1206 1389 1311 1437 vita
1357 1389 1457 1437 frui
1503 1389 1676 1447 noluit,
1710 1404 1757 1448 15

183 1468 368 1517 adeone
405 1474 510 1517 erat
545 1468 729 1517 stultus
765 1476 822 1517 ut
857 1468 1009 1527 illam,
1038 1486 1184 1533 quam
1220 1476 1325 1518 tum
1358 1470 1441 1519 ille
1465 1470 1674 1530 vivebat,

187 1549 335 1597 vitam
373 1565 477 1598 esse
513 1549 854 1610 arbitraretur,
895 1550 1130 1610 damnati,
1169 1551 1366 1611 exsulis,
1399 1551 1583 1599 deserti
1619 1551 1678 1600 ab

185 1631 445 1679 omnibus?
481 1648 628 1695 quem
657 1637 862 1696 propter
891 1632 1044 1680 animi
1079 1632 1512 1696 importunitatem
1537 1650 1679 1682 nemo

185 1712 394 1774 recipere
452 1717 598 1771 tecto,
649 1729 795 1761 nemo
855 1713 1004 1773 adire,
1055 1730 1200 1762 nemo
1259 1713 1473 1777 adloqui,
1534 1731 1680 1762 nemo

58 1789 156 1843 1¹71
181 1793 396 1856 aspicere
431 1793 617 1842 vellet?
690 1794 854 1843 Huius
889 1795 1044 1859 igitur
1079 1794 1298 1843 Habitus
1334 1795 1466 1844 vitae
1495 1795 1681 1844 invide·
1705 1811 1758 1840 20

182 1874 303 1922 bat?
374 1873 522 1923 Hunc
564 1875 605 1922 si
649 1875 821 1924 acerbe
864 1880 914 1924 et
955 1875 1154 1939 penitus
1196 1876 1381 1934 oderat,
1426 1893 1525 1924 non
1567 1894 1679 1925 eum

181 1971 330 2019 quam
366 1955 642 2005 diutissime
678 1957 846 2006 vivere
883 1956 1009 2005 velle
1046 1956 1295 2006 debebat?
1330 1957 1444 2005 huic
1467 1964 1679 2006 mortem

180 2036 463 2085 maturabat
509 2037 751 2098 inimicus,
797 2037 931 2101 quod
979 2037 1052 2085 illi
1098 2054 1254 2086 unum
1301 2038 1352 2086 in
1390 2038 1532 2086 malis
1575 2043 1679 2086 erat

181 2118 464 2182 perfugium
498 2117 823 2167 calamitatis‘l
891 2118 988 2180 Qui
1014 2120 1054 2167 si
1079 2119 1201 2183 quid
1226 2120 1375 2168 animi
1402 2126 1452 2168 et
1477 2120 1678 2168 virtutis

180 2198 446 2259 habuisset,
489 2205 546 2247 ut
593 2199 740 2248 multi
788 2216 934 2264 saepe
975 2200 1127 2248 fortes
1170 2200 1263 2248 viri
1305 2201 1356 2248 in
1395 2201 1500 2249 eius
1541 2200 1677 2249 modi
1702 2211 1753 2254 25

180 2278 363 2338 dolore,
403 2286 615 2328 mortem
654 2280 750 2328 sibi
796 2280 900 2344 ipse
948 2281 1225 2341 conscisset,
1267 2281 1381 2330 huic
1418 2298 1568 2345 quam
1615 2282 1677 2330 ob

179 2375 283 2408 rem
318 2359 370 2408 id
406 2360 558 2409 vellet
593 2361 822 2410 inimicus
859 2362 1032 2411 offerre
1069 2362 1202 2426 quod
1238 2363 1342 2426 ipse
1378 2363 1472 2411 sibi
1507 2370 1677 2427 optare

182 2441 414 2491 deberet‘l
483 2442 615 2491 Nam
654 2460 785 2492 nunc
823 2443 1023 2507 quidem
1057 2443 1179 2507 quid
1216 2444 1418 2493 tandem
1454 2445 1526 2493 illi
1563 2445 1678 2493 mali

233 2574 269 2613 6.
296 2573 405 2613 inter
424 2586 501 2621 eos,
528 2585 629 2614 Mw:
658 2573 768 2614 inter
787 2574 913 2624 ipsos,
936 2586 982 2618 E:
1011 2589 1092 2615 om.
1118 2587 1167 2615 sm
1187 2575 1273 2615 and
1294 2575 1390 2616 edd.
1443 2577 1480 2616 8.
1506 2589 1582 2625 εοε,
1608 2587 1675 2618 ST:

182 2649 260 2677 om.
287 2653 328 2677 ω.
383 2638 445 2678 15.
471 2637 701 2688 inimicum,
725 2650 793 2679 s⁷r=
825 2652 907 2679 om.
934 2654 975 2679 ω.
1028 2641 1092 2680 20.
1118 2640 1307 2680 Habitus
1323 2641 1445 2684 vitae.
1469 2652 1539 2680 δτι
1570 2643 1677 2681 vitae

181 2700 377 2750 Habitus,
403 2717 444 2742 ω.
