1820 2956
593 90 722 140 PRO
758 91 822 140 A.
866 90 1224 141 CLUENTIO.
1593 94 1653 141 45

155 226 203 273 in
232 242 343 274 eum
369 242 534 274 casum
560 241 791 274 veneram
817 231 874 273 ut
899 226 1058 274 omnis
1095 242 1314 275 mearum
1342 226 1653 275 fortunarum

155 312 314 355 status
352 307 500 355 unius
535 306 705 355 iudicii
740 307 959 370 periculo
996 306 1362 356 contineretur.’

220 386 342 451 Age,
372 389 599 452 quoniam
629 389 975 453 corrumpendi
1007 389 1177 438 iudicii
1212 406 1381 438 causas
1405 389 1487 438 ille
1512 389 1655 438 mult-
1679 391 1745 444 82

154 485 206 517 as
259 475 309 518 et
360 486 534 534 graves
588 469 777 531 habuit,
831 471 909 519 hic
956 470 1158 530 nullam,
1209 471 1448 534 profectio
1502 470 1656 535 ipsius

108 567 129 610 5
155 550 388 614 pecuniae
418 551 712 615 requiratur.
786 551 1013 601 Confecit
1049 551 1243 601 tabulas
1279 551 1655 616 diligentissime

154 631 442 691 Cluentius3
480 632 599 682 haec
632 639 799 682 autem
835 650 911 682 res
949 634 1100 682 habet
1135 634 1227 683 hoc
1264 641 1406 693 certe,
1439 639 1496 682 ut
1531 633 1656 682 nihil

153 714 308 777 possit
333 731 491 778 neque
515 713 742 762 additum
768 732 928 779 neque
953 715 1231 764 detractum
1257 715 1318 764 de
1342 731 1394 764 re
1425 715 1655 764 familiari

152 794 318 844 latere.
391 795 527 844 Anni
565 802 681 844 sunt
715 804 825 845 octo
859 814 972 845 cum
1007 797 1104 846 ista
1141 813 1288 846 causa
1311 797 1361 844 in
1388 797 1484 845 ista
1509 796 1656 845 medi-

154 877 341 925 tatione
388 883 629 937 versatur,
680 895 792 926 cum
851 879 1017 927 omnia
1075 895 1200 942 quae
1260 879 1323 927 ad
1384 895 1493 927 eam
1552 895 1655 927 rem

83 981 131 1008 10
152 958 407 1022 pertinent
439 964 489 1008 et
522 975 583 1008 ex
614 959 759 1008 huius
790 965 841 1009 et
874 977 935 1009 ex
969 960 1179 1009 aliorum
1217 960 1401 1009 tabulis
1438 960 1652 1025 agitatis,

153 1040 391 1098 tractatis,
446 1040 732 1104 inquiritis:
793 1059 904 1090 cum
951 1043 1143 1091 interea
1190 1041 1518 1091 Cluentianae
1577 1058 1658 1105 pe-

153 1122 325 1170 cuniae
351 1122 615 1186 vestigium
651 1122 844 1171 nullum
881 1123 1129 1172 invenitis.
1205 1122 1373 1184 Quid?
1442 1123 1658 1171 Albiana

152 1203 361 1266 pecunia
392 1204 679 1268 vestigiisne
715 1205 858 1253 nobis
896 1204 1150 1253 odoranda
1185 1211 1260 1253 est
1296 1222 1356 1253 an
1395 1205 1458 1254 ad
1493 1205 1655 1268 ipsum

153 1285 312 1334 cubile
361 1286 501 1334 vobis
549 1286 756 1335 ducibus
804 1287 974 1336 venire
1021 1290 1314 1351 possumus?
1404 1287 1659 1336 Tenentur

83 1385 127 1428 15
152 1382 252 1414 uno
299 1367 351 1414 in
398 1367 504 1416 loco
553 1367 642 1416 HS
690 1382 862 1428 IOCXhi
922 1374 1159 1417 tenentur
1217 1369 1351 1433 apud
1403 1368 1657 1417 hominem

153 1448 533 1498 audacissimum
551 1468 564 1510 ;
601 1456 838 1499 tenentur
873 1451 1005 1515 apud
1041 1451 1267 1500 iudicem.
1343 1451 1475 1512 Quid
1505 1451 1657 1500 vultis
1682 1449 1748 1501 83

153 1530 398 1594 amplius?
470 1532 539 1579 At
573 1531 703 1580 enim
732 1532 963 1581 Staienus
999 1550 1100 1581 non
1136 1533 1232 1581 fuit
1267 1534 1330 1582 ab
1367 1533 1653 1597 Oppianico,

152 1612 237 1661 sed
285 1630 313 1661 a
360 1613 593 1662 Cluentio
647 1613 710 1662 ad
769 1614 1008 1663 iudicium
1070 1614 1488 1679 corrumpendum
1549 1631 1659 1663 con-

152 1694 369 1743 stitutus,
446 1694 548 1744 Gur
583 1712 710 1757 eum,
739 1713 849 1744 cum
886 1696 938 1744 in
975 1696 1235 1745 consilium
1271 1697 1440 1756 iretur,
1482 1696 1658 1745 Cluen—

77 1793 130 1822 20
151 1777 251 1824 tius
288 1782 338 1825 et
374 1776 655 1825 Cannutius
684 1778 854 1826 abesse
887 1777 1242 1841 patiebantur'l
1308 1778 1424 1838 Cur,
1457 1795 1568 1826 cum
1604 1778 1655 1826 in

151 1858 410 1906 consilium
450 1859 733 1918 mittebant,
762 1859 1020 1908 Staienum
1057 1859 1272 1908 iudicem
1312 1861 1403 1919 cui,
1437 1859 1571 1924 quod
1609 1864 1658 1909 tu

150 1938 275 1999 dicis,
315 1939 572 2003 pecuniam
610 1940 853 1989 dederant
888 1958 986 1989 non
1023 1941 1373 2005 requirebant3
1424 1941 1658 2006 Oppiani-

152 2037 234 2069 cus
276 2022 605 2085 querebatur3
658 2021 922 2082 Quinctius
964 2023 1252 2087 flagitabat;
1306 2023 1412 2072 sine
1454 2023 1656 2072 Staieno

150 2119 212 2151 ne
247 2103 300 2152 in
337 2103 595 2152 consilium
631 2104 802 2165 iretur,
839 2104 1108 2153 tribunicia
1142 2111 1390 2168 potestate
1428 2106 1656 2154 effectum

77 2197 127 2240 25
151 2186 257 2233 est?
323 2184 395 2233 At
419 2184 784 2234 condemnavit.
861 2186 1003 2234 Hanc
1029 2187 1161 2235 enim
1191 2186 1656 2235 condemnationem

151 2266 355 2316 dederat
396 2266 619 2316 obsidem
661 2267 823 2317 Bulbo
866 2274 917 2317 et
955 2269 1144 2330 ceteris,
1185 2275 1244 2318 ut
1283 2268 1554 2317 destitutus
1594 2268 1656 2317 ab

204 2433 242 2472 9.
276 2445 396 2483 quae,
418 2443 493 2473 s'r:
526 2445 634 2485 quae
650 2446 775 2482 mmo,
795 2448 837 2473 ω.
901 2433 980 2486 Qy.
1003 2446 1274 2486 quaecunque
1290 2434 1310 2473 Ρ
1367 2435 1429 2473 14.
1463 2433 1651 2482 ducibus,

151 2511 206 2536 w:
238 2497 460 2547 iudicibus,
483 2509 559 2538 ST:
592 2498 813 2547 indicibus,
838 2498 882 2539 N
885 2498 1096 2551 ettleship
1117 2500 1200 2551 (cp.
1226 2500 1312 2539 sine
1333 2498 1417 2538 ullo
1441 2498 1546 2538 duce
1568 2498 1656 2538 sinc

151 2560 302 2610 indice,
335 2561 461 2601 Verr.
496 2562 541 2602 ii.
579 2564 616 2612 1,
649 2565 670 2612 ἓ
698 2564 804 2613 105).
865 2564 931 2604 20.
966 2577 1056 2612 cur,
1089 2577 1172 2603 om.
1208 2575 1284 2603 ΕΜ.
1347 2565 1411 2603 21.
1446 2562 1515 2603 cui
1543 2562 1657 2614 quod

150 2631 197 2665 tu
211 2625 319 2666 dicis
338 2625 375 2665 is
391 2639 464 2678 my
480 2627 592 2679 conj.
613 2629 701 2676 (see
723 2627 904 2678 Notes):
935 2627 1005 2668 cui
1025 2628 1152 2679 quod,
1177 2639 1221 2668 s:
1254 2628 1381 2679 quod,
1404 2638 1432 2667 Τ
1450 2642 1460 2667 2
1492 2627 1576 2676 cui,
1602 2641 1654 2667 ωτ

150 2689 238 2743 qui,
262 2689 455 2741 Classen,
479 2690 641 2732 Baiter.
703 2692 768 2732 23.
804 2692 1071 2745 querebatur,
1095 2703 1209 2733 STM:
1241 2691 1481 2745 quaerebat,
1504 2702 1542 2732 F.
