1858 2956
613 115 742 165 PRO
778 115 842 165 A.
886 116 963 165 GL
976 116 1246 167 UENTIO.
1613 121 1674 168 95

174 248 362 300 LXIII.
399 251 521 299 Post
546 256 756 299 mortem
782 250 887 299 eius
914 250 1080 313 Sassia
1105 251 1266 301 moliri
1292 253 1462 301 statim
1488 254 1675 302 nefaria
1700 254 1797 307 176

175 331 350 380 mulier
367 332 530 396 coepit
548 331 754 392 insidias
774 332 896 381 filio:
923 333 1263 396 quaestionem
1289 333 1469 383 habere
1495 334 1556 383 de
1581 335 1673 383 viri

173 420 331 462 morte
369 413 640 463 constituit.
713 413 852 462 Emit
876 413 938 463 de
963 414 1023 462 A.
1056 414 1272 478 Rupilio,
1300 432 1397 479 quo
1427 422 1533 464 erat
1558 432 1674 465 usus

173 494 475 558 Oppianicus
522 494 727 554 medico,
781 494 1066 544 Stratonem
1115 496 1380 559 quendam,
1429 497 1570 561 quasi
1616 504 1675 546 ut

125 589 148 633 5
172 574 303 624 idem
361 576 544 624 faceret
602 575 736 640 quod
795 575 1014 625 Habitus
1071 577 1124 625 in
1182 577 1391 626 emendo
1450 577 1674 643 Diogene

171 657 366 706 fecerat.
439 657 516 706 De
552 657 645 706 hoc
682 657 915 707 Stratone
941 664 992 707 et
1017 657 1078 707 de
1104 659 1254 707 Ascla
1279 659 1495 723 quodam
1532 676 1674 709 servo

170 755 259 788 suo
296 739 631 802 quaesituram
668 755 773 788 esse
809 739 941 787 dixit
959 757 972 799 3
1007 746 1263 803 praeterea
1298 757 1494 789 servum
1533 741 1673 789 illum

169 819 525 886 Nicostratum,
590 837 736 884 quem
802 820 1014 868 nimium
1086 820 1341 884 loquacem
1411 822 1560 870 fuisse
1619 839 1672 871 ac

167 901 376 951 nimium
412 901 615 950 domino
651 901 846 951 fidelem
885 902 1234 962 arbitrabatur,
1263 902 1323 951 ab
1360 902 1452 951 hoc
1488 902 1670 952 adules-

99 999 147 1030 10
169 990 311 1033 cente
365 983 640 1048 Oppianico
688 984 741 1032 in
789 983 1133 1048 quaestionem
1190 983 1479 1047 postulavit.
1576 983 1672 1033 Hic

168 1082 281 1114 cum
314 1071 442 1114 esset
474 1064 560 1114 illo
590 1071 813 1129 tempore
846 1081 971 1129 puer
995 1071 1046 1113 et
1070 1065 1157 1113 illa
1182 1065 1406 1129 quaestio
1432 1065 1493 1114 de
1518 1066 1674 1130 patris

168 1147 244 1196 sui
286 1152 445 1196 morte
487 1146 727 1195 constitui
769 1147 1031 1205 diceretur,
1068 1146 1162 1194 etsi
1202 1146 1344 1195 illum
1386 1163 1581 1196 servum
1623 1154 1674 1196 et

167 1228 262 1277 sibi
298 1227 587 1277 benivolum
613 1244 717 1277 esse
743 1234 793 1276 et
818 1228 950 1292 patri
982 1228 1134 1277 fuisse
1171 1229 1520 1290 arbitrabatur,
1548 1229 1673 1278 nihil

167 1317 335 1360 tamen
384 1316 461 1359 est
507 1326 656 1358 ausus
715 1327 953 1359 recusare.
1050 1310 1380 1360 Advocantur
1431 1311 1577 1360 amici
1623 1317 1672 1360 et

96 1404 143 1447 15
166 1393 389 1456 hospites
429 1392 692 1456 Oppianici
723 1397 773 1440 et
807 1392 963 1455 ipsius
1001 1391 1223 1441 mulieris
1259 1392 1420 1451 multi,
1449 1393 1672 1442 homines

166 1474 364 1524 honesti
422 1480 572 1538 atque
633 1474 864 1522 omnibus
922 1474 1069 1523 rebus
1116 1474 1292 1523 ornati.
1390 1475 1673 1535 Tormentis

166 1557 398 1606 omnibus
457 1556 892 1605 vehementissime
952 1556 1223 1620 quaeritur.
1321 1556 1448 1607 Cum
1509 1563 1673 1606 essent

166 1638 318 1687 animi
356 1654 613 1686 servorum
650 1643 700 1686 et
738 1654 824 1701 spe
863 1643 913 1686 et
952 1644 1090 1686 metu
1126 1638 1358 1702 temptati
1395 1644 1453 1687 ut
1484 1638 1671 1702 aliquid

0 1775 1 1796 Χ
166 1721 217 1768 in
245 1720 534 1784 quaestione
559 1718 794 1779 dicerent,
824 1724 1004 1779 tamen,
1034 1724 1092 1767 ut
1122 1719 1348 1779 arbitror,
1378 1721 1671 1768 auctoritate

0 1833 1 1862 1
90 1812 143 1840 20
164 1800 518 1850 advocatorum
547 1798 619 1867 [et
643 1799 694 1848 vi
719 1799 1106 1867 tormentorum]
1135 1800 1337 1849 adducti
1373 1801 1424 1849 in
1462 1802 1671 1851 veritate

164 1887 456 1932 manserunt
528 1898 690 1946 neque
762 1898 814 1931 se
887 1882 1153 1946 quicquam
1224 1883 1347 1931 scire
1417 1882 1666 1933 dixerunt.

165 1964 400 2026 Quaestio
436 1964 521 2013 illo
552 1963 632 2012 die
658 1963 719 2013 de
746 1964 1017 2013 amicorum
1053 1964 1303 2013 sententia
1331 1965 1534 2013 dimissa
1563 1972 1638 2014 est
1658 1984 1671 2027 3
1697 1986 1795 2041 177

164 2048 282 2096 satis
308 2047 455 2111 longo
480 2045 744 2095 intervallo
770 2053 883 2110 post
907 2046 1087 2096 iterum
1116 2047 1433 2097 advocantur.
1510 2047 1672 2097 Habe-

164 2135 247 2177 tur
305 2128 366 2177 de
424 2128 621 2192 integro
680 2129 906 2192 quaestio
926 2148 938 2188 ;
998 2128 1137 2177 nulla
1183 2129 1259 2177 vis
1307 2135 1668 2178 tormentorum

89 2218 138 2259 25
164 2210 515 2259 acerrimorum
549 2210 979 2274 praetermittitur.
1057 2209 1327 2259 Adversari
1364 2210 1591 2259 advocati
1621 2217 1672 2260 et

165 2292 262 2340 iam
286 2291 373 2340 vix
398 2291 525 2340 ferre
550 2307 724 2354 posse3
763 2291 927 2340 furere
958 2290 1169 2340 crudelis
1199 2287 1351 2355 atque
1385 2291 1672 2356 importuna

162 2372 340 2421 mulier
365 2372 459 2420 sibi
484 2389 799 2436 nequaquam
823 2378 881 2421 ut
906 2379 1151 2437 sperasset
1176 2389 1233 2422 ea
1257 2390 1382 2437 quae
1407 2374 1672 2438 cogitasset

161 2453 440 2519 procedere.
515 2453 642 2502 Cum
680 2454 778 2502 iam
819 2460 979 2503 tortor
1021 2460 1171 2518 atque
1215 2461 1382 2503 essent
1421 2460 1671 2505 tormenta

216 2590 253 2632 7.
279 2588 572 2640 quaesituram
591 2601 631 2628 se
651 2601 746 2637 esse,
772 2589 1038 2630 Lambinus:
1070 2591 1362 2641 quaesituram
1381 2602 1476 2638 sese,
1502 2590 1664 2631 Baiter.

161 2654 226 2694 20.
254 2655 307 2704 [et
327 2653 877 2703 vi·tormentorum],Halm‚
897 2653 1084 2706 Kayser,
1110 2654 1285 2694 Muller.
1337 2655 1403 2695 25.
1428 2654 1654 2696 adversari

162 2729 214 2759 '1¹2
245 2717 502 2767 adversarii,
526 2728 633 2758 SFw:
663 2717 871 2768 aversari,
896 2718 1127 2759 Manutius
1147 2718 1234 2758 and
1254 2718 1352 2759 edd.
