1820 2956
131 96 193 140 24
477 93 479 95 ’
563 93 692 142 PRO
734 94 798 144 A.
841 94 1198 148 OLUENTIO.

129 226 348 275 animum
387 226 633 287 inducere,
672 244 833 291 neque
871 234 1171 277 testamento
1206 246 1388 279 nomen
1423 231 1625 280 omnino

127 307 527 372 praetermittere
565 309 799 371 parentis.
886 309 947 357 Id
988 327 1099 358 cum
1141 310 1442 374 Oppianicus
1481 312 1626 361 sciret

124 404 355 452 -neque
403 388 535 437 enim
583 394 689 437 erat
736 389 1390 456 obscurum—intellegebat
1436 392 1625 442 Habito

126 474 323 518 mortuo
363 469 494 517 bona
541 469 644 517 eius
686 471 852 518 omnia
898 471 960 519 ad
1001 477 1212 520 matrem
1254 488 1358 521 esse
1398 478 1621 532 ventura,

127 567 251 614 quae
290 551 351 599 ab
393 567 499 598 sese
537 556 710 614 postea
746 557 892 600 aucta
926 552 1134 616 pecunia
1168 553 1353 602 maiore
1388 554 1624 617 praemio,

126 632 300 680 orbata
337 631 438 680 filio
477 632 668 681 minore
708 633 928 696 periculo
966 639 1238 683 necaretur.
1325 634 1503 699 Itaque
1549 635 1627 684 his

124 713 270 762 rebus
305 713 549 773 incensus,
587 730 685 777 qua
719 714 911 763 ratione
947 713 1191 763 Habitum
1227 731 1418 764 veneno
1454 715 1626 764 tollere

124 800 328 843 conatus
364 794 430 842 sit
464 795 754 858 cognoscite.

33 875 101 927 46
191 875 329 925 XVI.
370 875 423 925 O.
464 882 515 924 et
551 876 603 925 L.
643 876 857 925 Fabricii
892 877 1071 926 fratres
1104 878 1290 942 gemini
1325 879 1530 926 fuerunt
1565 895 1627 926 ex

124 956 394 1020 municipio
443 957 728 1018 Aletrinati,
772 957 996 1006 homines
1041 959 1175 1007 inter
1220 975 1271 1007 se
1319 976 1428 1007 cum
1470 959 1628 1008 forma

124 1044 233 1087 tum
274 1038 495 1087 moribus
554 1039 757 1099 similes;
812 1040 1120 1104 municipum
1190 1047 1358 1089 autem
1427 1057 1628 1091 suorum

124 1120 453 1180 dissimillimi,
498 1120 551 1168 in
593 1121 771 1184 quibus
820 1126 1037 1184 quantus
1079 1121 1313 1185 splendor
1354 1122 1434 1181 sit,
1478 1139 1627 1186 quam

124 1218 277 1266 prope
341 1201 627 1266 aequabilis,
679 1216 830 1265 quam
876 1203 978 1251 fere
1026 1203 1249 1251 omnium
1300 1210 1530 1252 constans
1576 1210 1627 1253 et

123 1283 381 1332 moderata
426 1282 554 1331 ratio
613 1283 759 1342 vitae,
804 1300 949 1331 nemo
997 1290 1232 1344 vestrum,
1278 1290 1334 1332 ut
1379 1301 1490 1334 mea
1530 1285 1627 1333 fert

125 1365 310 1429 opinio,
372 1365 582 1430 ignorat.
695 1365 788 1413 His
847 1365 1087 1414 Fabriciis
1149 1382 1343 1430 semper
1389 1371 1464 1414 est
1509 1383 1627 1415 usus

124 1446 428 1510 Oppianicus
497 1446 893 1495 familiarissime.
1006 1446 1114 1495 Iam
1182 1447 1275 1496 hoc
1332 1447 1435 1496 fere
1492 1448 1626 1496 scitis

124 1543 307 1587 omnes,
383 1533 617 1591 quantam
694 1527 795 1576 vim
867 1527 1050 1576 habeat
1123 1527 1187 1576 ad
1259 1528 1626 1593 coniungendas

124 1609 366 1657 amicitias
426 1608 706 1656 studiorum
756 1625 810 1656 ac
857 1614 1066 1657 naturae
1115 1608 1403 1658 similitudo.
1499 1609 1626 1658 Cum

124 1689 197 1738 illi
243 1689 314 1737 ita
359 1689 590 1738 viverent
636 1695 692 1738 ut
739 1689 930 1737 nullum
979 1695 1242 1753 quaestum
1285 1706 1390 1739 esse
1431 1695 1626 1754 turpem

125 1771 499 1830 arbitrarentur,
561 1787 671 1818 cum
745 1770 905 1819 omnis
977 1771 1039 1819 ab
1110 1771 1179 1819 eis
1247 1771 1393 1831 fraus,
1457 1788 1626 1820 omnes

124 1851 331 1900 insidiae
379 1851 957 1915 circumscriptionesque
1005 1851 1399 1901 adulescentium
1440 1869 1627 1900 nascer-

125 1939 284 1994 entur,
353 1949 562 1997 cumque
638 1938 803 1981 essent
878 1933 1014 1981 vitiis
1091 1939 1239 1997 atque
1304 1933 1626 1997 improbitate

125 2014 353 2064 omnibus
391 2014 513 2073 noti,
557 2013 789 2072 studiose,
831 2019 890 2062 ut
929 2014 1068 2074 dixi,
1092 2014 1155 2062 ad
1193 2031 1363 2063 eorum
1402 2031 1452 2062 se
1490 2014 1627 2062 fami-

125 2096 391 2145 liaritatem
430 2096 602 2143 multis
640 2095 738 2143 iam
775 2101 891 2143 ante
929 2095 1070 2143 annis
1108 2094 1411 2159 Oppianicus
1447 2094 1627 2159 applic-

1655 988 1704 1016 10

1656 1795 1707 1823 20

35 2175 102 2229 47
126 2184 246 2227 arat.
341 2177 518 2241 Itaque
571 2183 679 2225 tum
734 2176 803 2225 sic
862 2177 1052 2237 statuit,
1104 2193 1194 2240 per
1240 2176 1293 2225 G.
1344 2176 1625 2225 Fabricium
1653 2194 1702 2236 25

130 2261 263 2324 (nam
310 2258 492 2307 Lucius
541 2264 648 2307 erat
694 2259 939 2319 mortuus)
991 2257 1196 2306 insidias
1256 2257 1444 2305 Habito
1502 2274 1627 2305 com-

125 2357 310 2405 parare.
430 2340 552 2387 Erat
623 2339 708 2387 illo
780 2345 1003 2401 tempore
1075 2339 1271 2386 infirma
1340 2337 1626 2387 valetudine

127 2423 378 2483 Habitus3
446 2421 684 2469 utebatur
747 2426 914 2468 autem
977 2419 1168 2468 medico
1234 2435 1334 2467 non
1403 2418 1622 2482 ignobili,

126 2509 348 2568 spectato
406 2502 618 2562 homine,
672 2501 981 2564 Cleophanto
998 2520 1012 2562 5
1071 2500 1208 2549 cuius
1255 2516 1454 2549 servum
1511 2499 1627 2548 Dio-

107 2612 109 2623 ⁵
182 2622 244 2661 16.
274 2620 385 2667 Iam,
417 2619 563 2659 codd.:
595 2618 729 2666 Nam,
762 2617 957 2670 Madvig.
1018 2619 1083 2658 28.
1117 2631 1201 2657 non
1229 2617 1402 2667 iynobili
1429 2616 1516 2664 secl,
1547 2627 1624 2659 ST:

126 2685 297 2737 iynobili
316 2684 401 2732 sed,
425 2695 558 2723 me:
600 2696 683 2722 non
703 2681 878 2732 iqnobili
897 2688 945 2730 et,
974 2681 1171 2733 Kayser:
1202 2694 1273 2721 see
1292 2686 1408 2721 note.
1483 2720 1485 2723 .
