1820 2956
594 90 725 140 PRO
760 91 822 140 A.
868 90 1219 140 ULUE'N'I’IO.
1598 91 1658 141 37

159 226 464 290 emptoribus
500 224 731 274 reddidit.
804 224 964 285 Quam
991 242 1101 274 cum
1127 225 1385 289 pecuniam
1421 226 1660 289 profudis-

160 314 234 355 set
271 312 322 355 et
359 306 453 355 sibi
491 305 616 354 nihil
657 322 756 355 non
797 306 944 355 modo
983 306 1045 354 ad
1085 306 1383 370 cupiditates
1422 323 1546 366 suas,
1576 306 1660 356 sed

159 405 221 437 ne
269 387 331 436 ad
379 388 723 436 necessitatem
772 387 974 451 quidem
1023 388 1321 452 reliquisset,
1373 388 1551 436 statuit
1598 388 1661 437 ad

160 469 356 518 easdem
393 486 497 518 esse
534 469 630 518 sibi
665 469 873 533 praedas
911 487 964 518 ac
1001 470 1373 534 suppressiones
1408 469 1660 519 iudiciales

113 565 135 608 5
160 550 526 600 revertendum.
614 549 791 615 Itaque
839 568 951 599 cum
999 551 1329 616 Oppianicum
1377 552 1476 600 iam
1523 551 1661 616 perd·

159 633 287 681 itum
348 639 399 681 et
463 632 657 681 duobus
722 633 1004 697 iugulatum
1070 625 1387 697 praeiudiciis
1453 633 1660 692 videret,

159 715 411 779 promissis
436 715 537 763 suis
567 731 681 763 eum
719 715 960 764 excitavit
996 715 1243 764 abiectum
1268 720 1318 763 et
1343 714 1490 763 simul
1517 715 1663 764 saluti

159 795 418 860 desperare
453 796 643 845 vetuit:
692 795 993 860 Oppianicus
1032 803 1199 845 autem
1236 813 1376 845 orare
1413 796 1664 846 hominem

159 876 320 940 coepit
363 883 419 926 ut
461 877 554 926 sibi
595 877 839 926 rationem
879 877 1166 927 ostenderet
1207 877 1376 926 iudicii
1419 894 1666 942 corrump-

89 974 138 1003 10
159 959 286 1008 endi.
394 958 487 1007 Ille
552 964 735 1018 autem,
798 976 945 1023 quem
1015 959 1079 1008 ad
1149 960 1354 1009 modum
1425 977 1488 1008 ex
1557 961 1665 1024 ipso
1690 962 1755 1014 69

159 1039 433 1104 Oppianico
478 1046 653 1104 postea
699 1047 775 1089 est
822 1041 1064 1100 auditum,
1116 1042 1319 1107 negavit
1365 1059 1667 1107 quemquam

159 1137 263 1170 esse
299 1121 350 1169 in
388 1121 589 1171 civitate
626 1129 823 1187 praeter
847 1139 897 1171 se
923 1123 1009 1187 qui
1035 1122 1087 1172 id
1113 1124 1298 1172 efficere
1323 1125 1493 1188 possit.
1569 1124 1667 1174 Sed

158 1202 318 1266 primo
365 1203 562 1267 gravari
610 1204 785 1267 coepit,
837 1204 970 1268 quod
1031 1204 1339 1254 aedilitatem
1388 1222 1439 1255 se
1498 1212 1667 1270 petere

158 1301 270 1332 cum
338 1284 624 1334 hominibus
693 1285 1016 1335 nobilissimis
1080 1293 1131 1335 et
1202 1287 1449 1336 invidiam
1519 1293 1667 1353 atque

88 1378 134 1422 15
159 1353 480 1415 offensionem
539 1367 715 1416 timere
774 1367 1001 1429 dicebat3
1059 1374 1173 1432 post
1232 1375 1463 1418 exoratus
1522 1369 1667 1419 initio

158 1465 477 1513 permagnam
525 1449 782 1513 pecuniam
829 1450 1055 1514 poposcit
1073 1469 1086 1512 5
1135 1450 1315 1500 deinde
1364 1451 1428 1500 ad
1468 1451 1522 1500 id
1564 1468 1669 1516 per-

158 1531 296 1579 venit
337 1530 473 1595 quod
514 1531 689 1580 confici
725 1532 906 1596 potuit,
952 1531 1042 1581 HS
1079 1538 1303 1581 sescenta
1338 1532 1669 1598 quadraginta

159 1611 295 1660 milia
341 1611 520 1660 deferri
569 1612 631 1661 ad
681 1629 731 1661 se
779 1612 986 1662 domum
1032 1613 1192 1662 iussit.
1281 1613 1418 1675 Quae
1459 1615 1668 1678 pecunia

158 1693 305 1742 simul
344 1700 492 1758 atque
532 1694 594 1743 ad
633 1710 747 1743 eum
785 1693 952 1743 delata
991 1700 1080 1755 est,
1119 1694 1267 1744 homo
1305 1695 1668 1760 impurissimus

84 1802 136 1831 20
159 1776 329 1825 statim
377 1776 539 1840 coepit
584 1776 638 1824 in
685 1776 790 1824 eius
838 1776 974 1825 modi
1032 1782 1201 1826 mente
1259 1783 1310 1826 et
1369 1777 1669 1842 cogitatione

158 1858 354 1912 versari,
417 1857 545 1905 nihil
603 1874 707 1906 esse
766 1858 868 1906 suis
938 1859 1215 1907 rationibus
1285 1858 1460 1908 utilius
1519 1876 1669 1923 quam

159 1938 488 2002 Oppianicum
546 1938 865 1987 condemnari
882 1958 895 2000 ;
964 1939 1050 1989 illo
1110 1939 1338 1989 absoluto
1407 1941 1668 2005 pecuniam

159 2019 294 2068 illam
352 2026 439 2069 aut
497 2019 743 2069 iudicibus
803 2020 1198 2084 dispertiendam
1257 2028 1344 2071 aut
1407 2023 1503 2086 ipsi
1565 2040 1669 2072 esse

158 2101 498 2162 reddundam3
556 2101 792 2151 damnato
851 2103 1183 2166 repetiturum
1242 2120 1346 2152 esse
1391 2105 1664 2154 neminem.

86 2192 136 2236 25
160 2179 336 2243 Itaque
393 2196 498 2228 rem
557 2180 810 2244 excogitat
880 2181 1194 2245 singularem.
1303 2182 1473 2246 Atque
1531 2182 1663 2243 haec,
1691 2195 1758 2249 70

159 2260 358 2320 iudices,
385 2277 510 2325 quae
546 2278 664 2310 vera
699 2261 936 2311 dicuntur
972 2279 1000 2311 a
1035 2263 1192 2324 nobis,
1228 2263 1421 2312 facilius
1457 2264 1669 2313 credetis

160 2342 201 2391 si
242 2359 353 2391 cum
395 2343 571 2392 animis
613 2343 791 2393 vestris
832 2343 981 2409 longo
1023 2345 1288 2394 intervallo
1324 2346 1573 2394 recordari
1611 2345 1662 2395 O.

214 2503 251 2547 7.
275 2504 363 2544 sui3
377 2516 484 2552 eum,
501 2515 570 2545 ST:
596 2518 691 2546 eum
705 2505 807 2555 suis,
828 2522 869 2546 ω.
925 2507 961 2546 8.
984 2512 1140 2555 autem,
1160 2518 1234 2548 s‘r:
1264 2520 1346 2546 om.
1367 2522 1396 2546 ω
1413 2508 1494 2560 (cp.
1516 2509 1537 2556 ἓ
1555 2507 1662 2557 143).

163 2568 225 2608 12.
254 2568 401 2619 possit,
426 2569 571 2609 codd.:
595 2575 755 2621 posset„
771 2583 903 2622 many
925 2570 1022 2611 edd.
1090 2571 1152 2614 17.
1171 2571 1329 2622 potuit,
1354 2583 1403 2611 S'r
1424 2587 1432 2611 :
1449 2571 1592 2622 potuit
1611 2577 1664 2621 ec,

160 2643 280 2672 FMw.
340 2634 406 2674 20.
440 2635 657 2684 eiusmodi,
681 2634 828 2675 codd.:
859 2635 1116 2684 huiusmodi,
1148 2636 1260 2688 conj.
1293 2635 1458 2675 Muller
1487 2635 1592 2685 (and
1621 2640 1668 2676 at

160 2699 182 2746 ξ
205 2697 295 2747 179,
318 2699 401 2748 28).
463 2699 528 2740 26.
561 2712 676 2749 vera,
700 2710 780 2741 s'r:
810 2713 917 2750 vere,
943 2715 986 2740 ω.
