1820 2956
206 139 267 188 66
644 137 770 186 PRO
805 137 866 185 A.
913 135 1269 186 CLUENTIO.

203 273 359 336 possit
389 272 595 330 adferre,
630 287 692 319 ne
725 271 999 319 censorium
1031 270 1214 328 stilum,
1242 270 1380 318 cuius
1414 286 1695 318 mucronem

203 353 373 401 multis
419 351 651 401 remediis
700 352 909 400 maiores
956 351 1114 399 nostri
1162 350 1494 410 rettuderunt,
1543 366 1697 413 aeque

203 433 407 496 posthac
436 439 584 496 atque
617 432 755 480 illum
791 432 1106 480 dictatorium
1139 430 1358 495 gladium
1391 431 1699 494 pertimesca-

82 517 180 567 124
203 531 325 562 mus.
401 514 489 562 Sin
522 519 687 561 autem
721 513 855 576 quod
888 511 1219 575 subscriptum
1255 516 1350 571 est,
1379 511 1496 574 quia
1527 528 1695 558 verum

205 602 290 656 est,
327 595 508 644 idcirco
544 611 692 659 grave
729 594 878 642 debet
914 610 1031 654 esse,
1064 593 1156 641 hoc
1192 609 1497 656 quaeramus
1526 608 1698 640 verum
1750 582 1774 626 5

204 676 268 724 sit
301 693 363 724 an
393 676 584 725 falsum.
660 676 1033 724 Removeantur
1065 673 1385 722 auctoritates
1419 673 1696 732 censoriae3
1817 672 1820 674 ’

205 757 408 805 tollatur
447 757 500 805 id
542 774 604 805 ex
646 772 790 804 causa
831 754 963 819 quod
1004 755 1056 802 in
1099 771 1244 802 causa
1285 770 1384 802 non
1427 759 1530 814 est3
1580 753 1697 802 doce

205 855 351 902 quam
411 838 668 902 pecuniam
729 837 984 886 Cluentius
1043 835 1249 894 dederit,
1300 835 1431 883 unde
1490 834 1694 894 dederit,

203 937 352 983 quem
385 920 447 968 ad
479 919 682 968 modum
715 918 945 977 dederit,
994 934 1148 965 unum
1184 916 1398 980 denique
1434 916 1635 979 aliquod
1670 933 1698 964 a

204 1002 435 1051 Cluentio
471 1000 718 1064 aliquando
759 999 1006 1063 profectae
1047 998 1282 1062 pecuniae
1323 997 1586 1061 vestigium
1628 1013 1699 1045 os-

202 1082 365 1131 tende.
427 1082 583 1130 Vince
603 1081 782 1130 deinde
801 1081 986 1129 bonum
1006 1079 1166 1127 virum
1183 1078 1333 1127 fuisse
1353 1077 1695 1142 Oppianicum,

203 1163 454 1212 hominem
487 1164 750 1226 integrum,
787 1161 911 1210 nihil
944 1161 1006 1209 de
1038 1161 1123 1210 illo
1155 1177 1390 1224 umquam
1427 1177 1563 1209 secus
1595 1177 1698 1208 esse

203 1245 554 1305 existimatum,
617 1244 742 1292 nihil
800 1243 1016 1306 denique
1073 1241 1480 1305 praeiudicatum.
1570 1242 1695 1290 Tum

203 1326 550 1374 auctoritatem
614 1324 884 1373 censoriam
949 1323 1268 1386 amplexator,
1336 1330 1444 1371 tum
1503 1323 1698 1371 illorum

82 1409 179 1460 125
207 1407 488 1455 ‘iudicium’
520 1406 839 1454 coniunctum
869 1421 980 1453 cum
1005 1421 1058 1452 re
1088 1421 1191 1452 esse
1221 1403 1489 1452 defendito.
1563 1404 1697 1452 Dum
1726 1398 1772 1441 ¹5

203 1505 320 1536 vero
358 1504 471 1536 eum
512 1487 662 1535 fuisse
711 1485 1039 1550 Oppianicum
1086 1485 1333 1533 constabit
1374 1485 1457 1548 qui
1504 1484 1698 1533 tabulas

202 1568 423 1632 publicas
452 1567 709 1631 municipii
738 1583 888 1615 manu
926 1583 1013 1614 sua
1044 1565 1316 1629 corrupisse
1346 1565 1592 1614 iudicatus
1616 1565 1694 1625 sit,

203 1650 288 1714 qui
324 1654 676 1698 testamentum
712 1647 1037 1705 interleverit‚
1077 1647 1161 1710 qui
1204 1646 1457 1709 supposita
1491 1663 1698 1709 persona

202 1731 379 1779 falsum
412 1735 766 1779 testamentum
795 1727 1159 1792 obsignandum
1188 1727 1446 1787 curaverit,
1475 1727 1560 1790 qui
1585 1744 1697 1775 eum

203 1813 339 1861 cuius
398 1811 597 1861 nomine
644 1810 696 1858 id
743 1810 1055 1873 obsignatum
1111 1815 1185 1856 est
1242 1808 1559 1867 interfecerit,
1610 1809 1695 1871 qui
1720 1817 1773 1845 20

203 1893 501 1942 avunculum
525 1892 615 1940 filii
647 1891 722 1939 sui
752 1891 803 1938 in
836 1891 1077 1939 servitute
1110 1906 1164 1937 ac
1189 1889 1398 1937 vinculis
1430 1890 1693 1950 necaverit,

93 2006 112 2016 ·
202 1974 288 2038 qui
312 1973 583 2037 municipes
609 1989 722 2020 suos
748 1970 1124 2036 proscribendos
1150 1969 1540 2033 occidendosque
1565 1987 1696 2018 cura-

202 2057 342 2116 verit,
393 2056 479 2119 qui
530 2055 634 2102 eius
675 2069 881 2101 uxorem
935 2069 1081 2116 quem
1129 2051 1374 2099 occiderat
1419 2051 1472 2098 in
1531 2051 1696 2098 matri-

201 2137 418 2186 monium
456 2136 667 2195 duxerit,
697 2134 782 2198 qui
806 2134 1063 2197 pecuniam
1090 2149 1178 2195 pro
1203 2131 1460 2180 abortione
1485 2131 1692 2190 dederit,

201 2219 286 2282 qui
334 2234 538 2275 socrum,
589 2216 676 2279 qui
735 2231 926 2273 uxores,
979 2213 1063 2277 qui
1110 2229 1207 2260 uno
1260 2218 1481 2275 tempore
1528 2212 1694 2260 fratris
1718 2219 1769 2262 25

200 2316 406 2348 uxorem
447 2304 765 2362 speratosque
812 2295 991 2343 liberos
1038 2294 1340 2356 fratremque
1388 2293 1562 2356 ipsum,
1609 2293 1694 2356 qui

201 2381 412 2444 denique
450 2395 561 2428 suos
607 2378 787 2426 liberos
824 2375 1138 2434 interfecerit,
1179 2374 1264 2437 qui
1301 2391 1407 2422 cum
1448 2391 1692 2422 venenum

1727 996 1774 1025 10

253 2542 290 2582 3.
323 2540 530 2592 9ladium,
548 2554 600 2588 ω;
625 2552 706 2578 om.
726 2549 760 2577 s.
812 2539 848 2576 9.
875 2536 1065 2586 aliquod,
1083 2551 1132 2575 w:
1156 2549 1237 2574 om.
1256 2546 1317 2574 ST.
1374 2536 1432 2575 10.
1458 2534 1693 2585 aliquando

199 2606 222 2647 I
242 2606 352 2645 have
372 2604 591 2644 inserted:
622 2603 788 2653 aliquid
809 2613 842 2640 s.
901 2602 962 2640 14.
988 2599 1269 2649 amplexator,
1293 2610 1400 2638 s'rM:
1433 2599 1688 2650 amplexato,

200 2670 392 2710 Priscian
422 2669 513 2708 viii.
547 2670 584 2707 5.
618 2668 685 2715 26,
718 2665 804 2705 and
834 2665 931 2705 edd.
990 2665 1056 2703 24.
1090 2663 1314 2710 abortione,
1344 2674 1364 2702 s
1395 2662 1496 2711 (and
1526 2662 1617 2702 cod.
1645 2662 1685 2702 S.

200 2734 315 2774 Vict.
326 2736 360 2784 ):
386 2732 568 2784 pocione,
589 2743 691 2772 TFM.
