1820 2956
178 166 241 213 50
611 164 740 214 PRO
776 163 825 212 A
885 164 962 213 CL
973 163 1243 213 UENTIO.

174 297 361 362 putatis
381 298 551 347 obesse
576 303 802 361 oportere
822 300 839 347 ’Ζ
874 297 1035 358 Quam
1054 297 1118 346 ob
1135 313 1330 346 causam
1351 298 1369 345 ’ἰ
1409 296 1462 346 Si
1481 296 1669 358 exlege

173 379 471 428 subsortitus
502 395 601 426 non
636 383 742 427 erat
777 378 950 427 Iunius
985 384 1072 427 aut
1107 378 1147 427 si
1182 379 1235 426 in
1271 378 1487 442 aliquam
1510 377 1668 442 legem

172 459 439 524 aliquando
485 476 586 508 non
635 459 895 519 iuraverat,
946 459 1128 508 idcirco
1175 459 1309 507 illius
1349 458 1669 508 damnatione

171 541 362 606 aliquid
397 540 460 590 de
493 541 725 591 Cluentio
755 541 1095 590 iudicabatur?
1169 540 1339 600 ‘Non,’
1364 540 1529 604 inquit
1555 539 1669 589 ‘sed

170 622 253 671 ille
278 622 461 671 idcirco
494 622 591 670 illis
620 622 811 686 legibus
840 622 1195 671 condemnatus
1225 628 1311 681 est,
1340 621 1474 685 quod
1498 627 1669 670 contra
1720 630 1744 675 5

171 703 317 752 aliam
355 703 513 767 legem
553 702 895 753 commiserat?
967 702 1062 764 Qui
1100 703 1193 752 hoc
1231 703 1530 751 confitentur
1563 718 1670 766 pos·

170 791 286 832 sunt
322 784 454 833 idem
490 784 615 833 illud
651 784 891 833 iudicium
927 784 1078 833 fuisse
1117 783 1414 833 defendere‘l
1484 783 1668 848 ‘Ergo'

168 865 334 930 inquit
375 865 582 915 ‘idcirco
623 865 835 915 infestus
876 871 984 914 tum
1027 865 1238 930 populus
1279 865 1532 914 Romanus
1572 865 1669 914 fuit

170 947 222 998 O.
267 948 426 1009 Iuni0‚
472 948 605 1012 quod
650 947 775 997 illud
821 947 1059 997 iudicium
1101 953 1387 1012 corruptum
1427 963 1516 1012 per
1555 963 1668 996 eum

167 1030 470 1093 putabatur.’
540 1029 677 1079 Num
712 1029 866 1094 igitur
900 1029 992 1078 hoc
1027 1036 1249 1093 tempore
1291 1045 1436 1077 causa
1475 1034 1668 1077 mutata
1695 1049 1744 1078 10

168 1114 278 1159 est?
313 1127 435 1159 num
464 1110 560 1160 alia
587 1128 678 1172 res,
706 1111 803 1160 alia
825 1110 954 1160 ratio
984 1110 1117 1159 illius
1145 1109 1330 1168 iudicii,
1359 1110 1454 1159 alia
1487 1115 1667 1158 natura

167 1191 321 1240 totius
362 1192 549 1256 negotii
590 1208 722 1240 nunc
764 1197 839 1240 est
881 1208 935 1239 ac
977 1196 1087 1239 tum
1132 1190 1262 1239 fuit?
1329 1190 1445 1239 Non
1493 1189 1668 1254 opinor

168 1289 230 1321 ex
277 1272 347 1320 eis
386 1272 535 1321 rebus
577 1289 703 1336 quae
743 1278 909 1337 gestae
951 1277 1069 1320 sunt
1108 1288 1214 1321 rem
1254 1271 1406 1321 ullam
1447 1272 1666 1336 potuisse

78 1349 145 1401 93
167 1350 363 1399 mutari.
456 1349 588 1411 Quid
636 1366 751 1414 ergo
799 1356 875 1399 est
921 1366 1095 1398 causae
1142 1349 1276 1414 quod
1321 1366 1452 1398 nunc
1496 1356 1667 1398 nostra

167 1427 387 1477 defensio
426 1427 659 1477 audiatur
695 1433 837 1477 tanto
878 1427 1090 1488 silentio,
1135 1433 1240 1476 tum
1284 1425 1430 1476 Iunio
1467 1427 1666 1476 defend·
1693 1442 1741 1486 15

167 1505 284 1554 endi
330 1505 408 1554 sui
454 1510 674 1570 potestas
722 1510 892 1569 erepta
938 1505 1039 1554 sit?
1109 1504 1238 1566 Quia
1278 1510 1387 1553 tum
1427 1505 1480 1553 in
1522 1522 1667 1554 causa

165 1586 291 1635 nihil
344 1591 449 1635 erat
495 1592 692 1650 praeter
736 1586 989 1646 invidiam,
1041 1602 1269 1647 errorem,
1321 1585 1663 1650 suspicionem,

165 1668 420 1717 contiones
463 1667 736 1716 cotidianas
774 1667 1009 1716 seditiose
1049 1683 1104 1716 ac
1145 1666 1452 1731 populariter
1488 1667 1667 1716 concit-

165 1754 284 1798 atas.
359 1749 637 1797 Accusabat
662 1749 892 1797 tribunus
918 1748 1075 1812 plebis
1102 1748 1234 1797 idem
1259 1749 1311 1796 in
1336 1748 1661 1809 contionibus,

165 1830 297 1879 idem
336 1830 398 1879 ad
441 1829 702 1891 subsellia3
749 1829 812 1878 ad
854 1829 1094 1877 iudicium
1131 1846 1232 1878 non
1270 1829 1419 1878 modo
1457 1829 1518 1878 de
1556 1846 1665 1879 con-
1689 1849 1741 1877 20

164 1913 314 1971 tione,
342 1911 428 1959 sed
453 1912 604 1960 etiam
639 1927 750 1959 cum
788 1910 893 1974 ipsa
929 1911 1156 1959 contione
1185 1911 1447 1971 veniebat;
1482 1911 1664 1975 gradus

166 1992 237 2040 illi
279 1992 471 2043 Aurelii
512 1998 620 2041 tum
661 1991 778 2040 novi
819 1992 959 2055 quasi
1002 2008 1091 2056 pro
1133 1991 1328 2040 theatro
1367 1991 1439 2040 illi
1481 1992 1664 2041 iudicio

165 2073 411 2122 aedificati
453 2073 766 2134 videbantur,
810 2089 933 2137 quos
980 2073 1066 2121 ubi
1114 2079 1367 2121 accusator
1407 2074 1664 2123 concitatis

165 2155 447 2204 hominibus
485 2154 766 2218 complerat,
795 2171 895 2203 non
931 2154 1079 2203 modo
1116 2154 1310 2204 dicendi
1347 2155 1410 2203 ab
1444 2171 1542 2214 reo,
1577 2155 1664 2204 sed

76 2233 143 2286 94
165 2252 226 2285 ne
263 2235 496 2301 surgendi
533 2235 734 2299 quidem
776 2240 994 2299 potestas
1036 2241 1154 2284 erat.
1228 2235 1404 2299 Nuper
1438 2236 1570 2300 apud
1607 2237 1658 2286 G.
1687 2251 1737 2292 25

165 2316 468 2376 Orchivium,
497 2316 734 2380 collegam
759 2332 936 2376 meum,
965 2316 1101 2365 locus
1124 2317 1187 2365 ab
1210 2316 1454 2365 iudicibus
1478 2317 1662 2366 Fausto

165 2397 329 2447 Sullae
365 2397 427 2446 de
463 2397 683 2461 pecuniis
719 2397 929 2446 residuis
967 2414 1067 2446 non
1103 2404 1178 2446 est
1213 2398 1527 2458 constitutus,
1562 2415 1662 2447 non

164 2495 262 2543 quo
287 2478 358 2527 illi
385 2485 470 2527 aut
495 2478 714 2543 exlegem
742 2495 844 2527 esse
871 2478 1057 2527 Sullam
1087 2485 1175 2528 aut
1204 2496 1399 2528 causam
1428 2481 1661 2543 pecuniae

164 2592 171 2601 .
216 2561 255 2600 2.
289 2559 496 2611 aliquam,
533 2571 611 2600 ST:
647 2573 729 2599 om.
770 2575 811 2600 ω.
883 2562 921 2600 5.
961 2559 1061 2608 illis,
1100 2572 1205 2600 PS‘r:
1246 2560 1323 2610 his,
1364 2576 1405 2600 ω.
1477 2559 1515 2604 7.
1549 2561 1663 2601 idem

163 2624 286 2674 illud,
309 2636 414 2664 PS'r:
447 2624 552 2664 illud
581 2625 707 2673 idem,
733 2639 774 2663 ω.
836 2625 874 2664 8.
899 2624 991 2675 suit
1013 2624 1060 2664 Ο.
1086 2625 1224 2673 Iunio,
1250 2636 1305 2665 P:
1337 2625 1465 2665 lunio
1480 2625 1588 2676 fuit,
1613 2642 1655 2666 ω.

166 2691 227 2729 11.
261 2695 435 2737 natura,
454 2702 535 2727 om.
558 2700 595 2728 P.
661 2691 722 2728 15.
758 2694 859 2736 tum,
879 2700 932 2729 '1¹2
963 2700 1131 2734 cum,s:
1164 2695 1274 2738 tunc,
1294 2704 1335 2729 ω.
1388 2690 1453 2730 28.
1487 2702 1582 2741 qno,
1602 2705 1658 2731 w:

164 2754 291 2804 quod,
314 2764 353 2793 P.
