1858 2956
183 127 247 174 80
617 123 748 175 PRO
783 124 845 172 A.
889 123 966 172 C‘L
980 123 1246 173 UENTIO.

183 256 315 317 Quid
356 258 422 305 M.
457 257 671 305 Plaetori
705 263 756 305 et
789 257 841 307 O.
876 257 1089 306 Flamini
1128 258 1259 306 inter
1300 258 1509 318 sicarios,
1552 257 1673 322 quid

182 338 234 387 O.
264 338 464 387 Orchivi
489 338 756 401 peculatus,
786 338 906 403 quid
931 356 1038 387 mea
1066 338 1128 388 de
1153 339 1372 404 pecuniis
1398 339 1670 404 reptundis,

181 419 302 483 quid
339 418 392 469 O.
431 419 619 482 Aquili,
657 419 791 482 apud
837 436 983 484 quem
1024 437 1155 468 nunc
1188 414 1258 470 ¹de
1299 421 1488 469 ambitu
1531 436 1675 468 causa

180 499 375 559 dicitur,
426 499 549 563 quid
595 499 813 564 reliquae
863 501 1209 564 quaestiones?
1297 501 1673 564 Circumspicite

60 579 158 632 148
182 597 350 641 omnes
384 581 455 629 rei
492 581 716 644 publicae
753 587 948 645 partes:
982 582 1148 630 omnia
1182 582 1347 646 legum
1383 583 1588 646 imperio
1624 587 1674 630 et
1725 589 1748 632 5

180 662 481 727 praescripto
506 662 610 711 fieri
643 661 890 711 videbitis.
966 662 1019 711 Si
1044 663 1153 727 quis
1179 663 1309 728 apud
1334 680 1429 723 me,
1456 663 1509 712 T.
1540 663 1670 724 Acci,

181 750 230 792 te
277 760 415 792 reum
474 743 597 792 velit
643 743 817 802 facere,
867 742 1046 792 clames
1092 750 1143 794 te
1190 744 1296 807 lege
1355 743 1673 808 pecuniarum

180 824 566 888 repetundarum
604 840 704 873 non
742 824 901 873 teneri
919 843 933 885 3
967 842 1126 889 neque
1162 825 1280 874 haec
1317 831 1404 874 tua
1430 825 1673 875 recusatio

180 905 420 954 confessio
456 906 522 953 sit
557 911 728 969 captae
765 906 1016 969 pecuniae,
1044 906 1130 956 sed
1165 906 1347 955 laboris
1383 913 1435 955 et
1468 906 1673 970 periculi

179 1003 278 1034 non
314 986 525 1050 legitimi
561 986 838 1035 declinatio.
911 986 1041 1035 LIV.
1082 987 1228 1036 Nunc
1266 986 1385 1051 quid
1418 993 1593 1051 agatur
1625 995 1674 1035 et
1702 1006 1751 1035 10

179 1068 296 1132 quid
323 1069 410 1117 abs
435 1075 484 1116 te
508 1068 628 1116 iuris
654 1068 989 1118 constituatur
1013 1067 1140 1117 vide.
1210 1068 1358 1116 Iubet
1380 1067 1463 1116 lex
1487 1084 1556 1127 ea,
1578 1083 1675 1131 qua

178 1149 284 1214 lege
310 1150 428 1198 haec
453 1149 677 1213 quaestio
702 1150 974 1198 constituta
998 1155 1084 1208 est,
1112 1149 1324 1197 iudicem
1354 1148 1671 1212 quaestionis,

178 1231 269 1280 hoc
323 1240 398 1279 est
451 1231 506 1292 Q.
559 1231 852 1291 Voconium,
902 1247 1012 1279 cum
1071 1230 1142 1279 eis
1201 1230 1446 1279 iudicibus
1498 1229 1582 1294 qui
1630 1228 1674 1278 ei

178 1313 664 1362 obvenerint—vos
733 1312 963 1376 appellat,
1023 1310 1208 1359 iudices
1229 1326 1544 1375 -quaerere
1613 1309 1674 1358 de

177 1410 380 1443 veneno.
470 1393 530 1442 In
572 1410 720 1457 quem
763 1395 1028 1457 quaerere‘l
1101 1392 1364 1441 Infinitum
1406 1398 1509 1441 est:
1563 1404 1675 1448 QUI·
1702 1406 1748 1449 15

177 1487 404 1532 OUMQUE
444 1488 681 1536 FECERIT,
726 1487 1075 1534 VENDIDERIT,
1119 1486 1333 1533 EMERIT,
1384 1485 1670 1533 HABUERIT,

178 1569 423 1605 DEDERIT.
498 1556 632 1617 Quid
670 1556 842 1605 eadem
881 1556 962 1604 lex
1000 1555 1169 1604 statim
1209 1555 1472 1619 adiungit?
1506 1555 1668 1603 recita.

177 1650 356 1694 DEQUE
393 1650 516 1686 EIUS
553 1649 741 1686 CAPITE
777 1649 1060 1695 QUAERITO.
1133 1636 1324 1685 Cuius?
1365 1636 1451 1700 qui
1488 1635 1671 1695 coierit,

177 1719 501 1768 convenerit?
592 1718 708 1767 Non
766 1719 839 1767 ita
895 1724 983 1767 est.
1080 1717 1213 1778 Quid
1259 1734 1375 1780 ergo
1421 1718 1528 1765 est?
1578 1716 1670 1766 dic.

170 1813 272 1869 ‚QUI
343 1812 616 1849 TRIBUNUS
688 1812 923 1848 MILITUM
992 1811 1316 1848 LEGIONIBUS
1390 1810 1676 1854 QUATTUOR
1698 1813 1750 1842 20

177 1893 374 1940 PRIMIS,
454 1893 621 1937 QUIVE
696 1892 986 1941 QUAESTOR,
1058 1891 1333 1928 TRIBUNUS
1409 1891 1675 1927 PLEBIS—

177 1962 409 2025 deinceps
458 1979 627 2011 omnes
685 1962 1007 2026 magistratus
1054 1960 1567 2016 nominavit—QUWE
1615 1973 1673 2007 IN

177 2055 387 2092 SENATU
434 2054 777 2091 SENTENTIAM
823 2054 989 2103 DIXIT,
1040 2054 1277 2090 DIXERIT.
1352 2040 1484 2101 Quid
1532 2043 1674 2089 tum?

177 2137 271 2181 QUI
312 2137 502 2172 EORUM
543 2137 674 2184 GOIT,
717 2136 942 2183 COIERIT,
987 2135 1274 2181 CONVENIT,
1314 2134 1670 2181 CONVENERIT,

177 2218 283 2262 Quo
320 2218 442 2262 QUIS
479 2217 688 2253 IUDIGIO
723 2217 949 2253 PUBLIoo
985 2215 1471 2253 CONDEMNARETUR.
1550 2202 1673 2263 ‘Qui
1697 2214 1748 2257 25

177 2287 396 2335 eorum':
439 2288 685 2350 quorum?
734 2285 980 2343 videlicet,
1021 2284 1108 2348 qui
1146 2300 1294 2347 supra
1333 2283 1502 2346 scripti
1542 2289 1671 2332 sunt.

177 2367 307 2428 Quid
353 2367 563 2415 interest
609 2373 722 2414 utro
770 2365 916 2413 modo
963 2365 1199 2429 scriptum
1250 2363 1349 2412 sitz
1442 2364 1550 2411 Etsi
1600 2370 1674 2412 est

176 2454 415 2511 apertum,
466 2447 573 2510 ipsa
631 2453 798 2495 tamen
856 2446 938 2494 lex
995 2462 1085 2494 nos
1145 2445 1300 2493 docet.
1390 2444 1493 2492 Ubi
1542 2445 1673 2493 enim

176 2546 344 2577 omnes
385 2528 618 2577 mortales
661 2527 847 2591 adligat
885 2527 956 2574 ita
996 2526 1230 2590 loquitur,
1273 2538 1366 2581 QUI
1404 2537 1672 2573 VENENUM

226 2653 264 2692 2.
300 2653 350 2692 de
379 2652 554 2701 ambitu,
586 2663 613 2692 P
641 2651 729 2691 and
758 2666 814 2692 w:
854 2650 1047 2699 ambitus,
1081 2661 1140 2690 ΒΤ.
1202 2650 1267 2691 26.
1301 2648 1483 2697 interest,
1516 2663 1574 2687 w:
1609 2647 1671 2688 in-

173 2717 304 2766 tersit,
328 2728 388 2757 ΒΤ.
