1858 2956
186 90 248 136 88
619 90 751 140 PRO
786 91 849 140 A.
891 91 968 140 CL
981 92 1249 142 UENTIO.

185 222 301 286 quia
326 229 516 272 vestrae
550 224 852 287 quaestionis
885 231 1039 286 erant,
1076 214 1256 275 idcirco
1288 227 1361 274 illi
1395 233 1680 277 statuerunt

184 304 414 368 fingenda
438 321 541 353 esse
567 305 660 353 sibi
686 311 735 354 et
755 306 1060 368 proferenda,
1083 324 1146 357 ne
1166 308 1386 357 omnium
1407 309 1677 373 turpissimi

182 386 518 448 reperirentur
564 386 604 434 si
642 386 694 434 in
740 386 979 436 iudicium
1025 388 1150 437 nihil
1196 396 1393 453 praeter
1438 391 1679 439 invidiam
1733 437 1746 445 ,

183 466 479 516 attulissent.
558 466 691 516 LIX.
748 468 915 532 Atque
962 475 1018 518 ut
1066 470 1361 519 existimetis
1409 472 1679 521 necessario

184 564 260 596 me
302 547 363 596 de
404 547 480 596 his
528 548 674 597 rebus
720 548 783 598 de
830 550 1008 613 quibus
1055 551 1154 599 iam
1195 551 1407 601 dixerim
1454 553 1679 616 pluribus
1732 564 1755 608 5

136 634 142 641 ‘
183 629 337 692 egisse
373 629 550 689 verbis,
589 629 835 679 attendite
872 631 1088 695 reliqua:
1127 633 1346 696 profecto
1379 633 1679 698 intellegetis

182 725 238 757 ea
262 726 386 772 quae
414 709 582 773 paucis
612 709 942 759 demonstrari
971 713 1226 776 potuerint
1257 714 1545 763 brevissime
1575 731 1678 763 esse

181 789 394 839 defensa.

59 881 155 934 161
249 872 338 921 Gn.
361 871 568 921 Decidio
589 872 816 933 Samniti,
840 874 885 922 ei
905 874 990 938 qui
1009 875 1314 939 proscriptus
1334 883 1422 936 est,
1445 877 1678 926 iniuriam

63 949 66 953 ’
179 953 231 1001 in
257 953 537 1002 calamitate
558 955 663 1003 eius
687 955 749 1003 ab
774 954 920 1004 huius
939 955 1126 1004 familia
1140 957 1322 1005 factam
1341 974 1444 1006 esse
1464 957 1674 1007 dixistis.
1707 976 1756 1005 ιο

180 1034 262 1083 Ab
302 1034 441 1084 nullo
482 1034 565 1083 ille
606 1035 859 1084 liberalius
901 1053 1051 1100 quam
1094 1054 1123 1086 a
1163 1037 1396 1087 Cluentio
1437 1044 1677 1088 tractatus

180 1122 283 1164 est:
325 1115 471 1164 huius
504 1115 645 1164 illum
679 1133 795 1180 opes
818 1117 871 1165 in
901 1118 1046 1166 rebus
1080 1118 1184 1167 eius
1216 1118 1676 1169 incommodissimis

179 1196 513 1257 sublevarunt‚
564 1203 714 1262 atque
772 1197 864 1246 hoc
917 1215 1028 1247 cum
1075 1200 1178 1263 ipse
1226 1206 1333 1249 tum
1383 1202 1485 1250 eius
1533 1202 1677 1251 amici

178 1278 535 1342 necessariique
578 1295 747 1328 omnes
786 1286 1074 1343 cognorunt.
1149 1281 1368 1330 Anchari
1407 1288 1458 1331 et
1495 1282 1677 1332 Paceni

177 1359 459 1423 pastoribus
506 1360 656 1409 huius
702 1360 907 1410 vilicum
953 1362 1055 1410 vim
1103 1368 1154 1411 et
1199 1380 1374 1411 manus
1433 1364 1671 1414 attulisse.
1703 1375 1751 1418 15

177 1440 302 1490 Cum
362 1441 605 1505 quaedam
651 1441 704 1490 in
758 1442 977 1504 callibus,
1027 1449 1085 1492 ut
1142 1444 1283 1503 solet,
1342 1446 1676 1495 controversia

175 1529 431 1586 pastorum
478 1528 606 1571 esset
653 1530 775 1583 orta,
828 1523 1003 1572 Habiti
1050 1524 1183 1573 vilici
1230 1542 1335 1574 rem
1387 1525 1577 1575 domini
1626 1533 1676 1576 et

175 1604 423 1667 privatam
465 1604 823 1667 possessionem
866 1604 1226 1654 defenderunt:
1278 1623 1389 1655 cum
1431 1614 1560 1656 esset
1595 1625 1674 1657 ex-

174 1684 445 1748 postulatio
477 1685 622 1745 facta,
654 1702 801 1734 causa
829 1685 928 1734 illis
961 1686 1314 1747 demonstrata,
1350 1688 1456 1736 sine
1492 1689 1673 1738 iudicio

53 1769 152 1822 162
175 1766 607 1830 controversiaque
644 1766 913 1815 discessum
944 1773 1032 1817 est.
1109 1768 1189 1816 ιΡ.
1227 1768 1341 1817 Aeli
1374 1774 1673 1819 testamento
1698 1783 1750 1811 20

173 1847 484 1911 propinquus
517 1846 850 1896 exheredatus
880 1865 993 1896 cum
1019 1855 1162 1908 esset,
1189 1849 1331 1898 heres
1355 1849 1435 1898 hic
1468 1850 1674 1900 alienior

172 1928 436 1977 institutus
461 1929 564 1978 est.'
634 1928 689 1977 P.
726 1929 900 1977 Aelius
930 1929 1107 1979 Habiti
1139 1931 1317 1979 merito
1350 1930 1480 1990 fecit,
1512 1948 1671 1996 neque

172 2009 251 2058 hic
283 2011 334 2058 in
367 2015 668 2059 testamento
697 2009 922 2059 faciendo
955 2010 1197 2071 interfuit,
1226 2011 1376 2076 idque
1410 2017 1672 2062 testamen-

172 2097 281 2140 tum
329 2092 391 2140 ab
437 2091 583 2139 huius
630 2091 830 2140 inimico
881 2091 1155 2156 Oppianico
1205 2098 1280 2141 est
1338 2093 1667 2158 obsignatum.

172 2172 318 2221 Floro
357 2172 575 2237 legatum
612 2189 674 2221 ex
717 2178 1015 2222 testamento
1053 2173 1322 2222 infitiatum
1364 2191 1480 2224 esse.
1553 2175 1669 2225 Non
1694 2185 1745 2228 25

172 2260 246 2302 est
269 2253 340 2302 ita
356 2271 371 2314 3
412 2253 498 2302 sed
522 2270 634 2302 cum
664 2251 752 2302 HS
776 2256 897 2301 ᾖ
923 2254 1106 2318 scripta
1134 2262 1311 2303 essent·
1327 2272 1415 2319 pro
1444 2255 1529 2305 HS
1552 2258 1664 2315 C—'CQ

170 2350 330 2398 neque
366 2333 411 2383 ei
447 2340 648 2383 cautum
684 2334 804 2382 satis
829 2333 1096 2395 videretur,
1135 2335 1297 2384 voluit
1332 2353 1444 2384 eum
1481 2336 1664 2401 aliquid

221 2486 259 2525 4.
302 2498 366 2525 me
412 2484 658 2532 necessario,
709 2496 768 2524 ετ.
849 2486 886 2528 7.
932 2484 1165 2535 potuerint,
1206 2496 1280 2525 s'r:
1335 2492 1577 2536 potuerunt,
1621 2503 1660 2528 ω.

167 2549 204 2589 9.
230 2548 422 2598 Decidio,
435 2550 535 2597 STF(
542 2548 632 2589 OJ.
642 2548 690 2588 L.
710 2562 748 2588 v.
770 2548 887 2598 1187,
910 2549 1047 2598 1188):
1068 2549 1352 2597 Decitio,MW.
1395 2551 1455 2590 10.
1481 2551 1662 2600 dixistis,

167 2613 423 2653 Manutius:
453 2612 616 2660 dixisti,
641 2624 773 2653 FMW:
804 2612 929 2663 dixit,
952 2623 1014 2653 ST.
1078 2615 1140 2654 16.
1169 2614 1358 2663 callibus,
1383 2614 1560 2655 Ernesti
1579 2615 1664 2656 and

165 2676 284 2718 edd.:
315 2676 498 2727 collibus,
516 2676 641 2718 codd.
