1858 2956
206 125 268 170 86
640 123 768 171 PRO
805 122 871 171 A.
913 123 991 172 CL
1004 122 1270 172 UENTIO.

205 272 334 304 nunc
367 263 442 304 est
474 255 711 320 quiddam
737 256 871 320 quod
896 256 958 305 ad
984 273 1061 305 me
1085 257 1346 320 pertineat,
1375 257 1436 305 de
1460 274 1558 321 quo
1583 263 1699 308 ante

204 336 324 395 dixi,
369 337 502 400 quod
544 353 634 401 ego
675 337 860 400 populo
908 338 1133 386 Romano
1182 343 1430 401 praestare
1477 337 1696 398 debeam,

205 418 440 481 quoniam
464 418 505 466 is
530 418 663 467 vitae
695 435 834 467 meae
867 424 1027 467 status
1060 425 1137 468 est
1160 424 1218 467 ut
1242 419 1404 467 omnis
1430 419 1553 467 mihi
1586 436 1702 468 cura

205 507 255 548 et
280 515 428 562 opera
452 499 615 562 posita
638 499 705 548 sit
728 499 780 547 in
806 499 1064 548 hominum
1097 499 1327 564 periculis
1359 498 1696 549 defendendis.

204 580 365 628 Video
407 586 595 644 quanta
635 586 686 629 et
726 596 874 644 quam
917 580 1190 644 periculosa
1226 587 1277 629 et
1317 596 1466 644 quam
1506 580 1701 628 infinita
1753 599 1776 642 5

172 673 177 678 ·
205 661 429 725 quaestio
462 666 737 725 temptetur
769 661 830 710 ab
858 661 1237 721 accusatoribus,
1266 677 1377 710 cum
1403 677 1509 710 eam
1542 661 1701 725 legem

206 758 331 806 quae
377 742 430 790 in
476 748 704 791 nostrum
751 741 977 791 ordinem
1024 742 1207 806 scripta
1253 742 1319 790 sit
1364 742 1414 790 in
1462 742 1701 806 populum

190 823 486 877 >Romanum
520 824 785 872 transferre
819 828 1073 872 conentur.
1147 823 1256 884 Qua
1287 823 1339 871 in
1364 823 1470 887 lege
1500 829 1577 872 est
1606 835 1702 880 QUI

205 916 432 963 COIERIT,
460 904 594 968 quod
619 921 768 968 quam
792 904 891 953 late
917 910 1085 968 pateat
1109 904 1292 953 videtis
1311 922 1324 964 3
1360 916 1703 953 GONVENERIT

206 1001 360 1049 aeque
396 985 639 1034 incertum
676 991 727 1034 et
761 985 1009 1034 infinitum
1050 992 1156 1045 est3
1197 997 1570 1046 CONSENSERIT,
1610 985 1702 1034 hoc
1730 1008 1778 1037 10

205 1083 323 1115 vero
381 1083 493 1114 cum
550 1066 804 1114 infinitum
863 1071 970 1114 tum
1018 1067 1280 1115 obscurum
1329 1072 1379 1115 et
1426 1066 1703 1127 occultum3

205 1160 491 1196 FALSUMVE
548 1159 921 1195 TESTIMONIUM
972 1147 1393 1211 DIXERIT,—quis
1445 1147 1507 1196 de
1559 1147 1702 1211 plebe

206 1229 431 1277 Romana
488 1228 828 1277 testimonium
875 1228 1005 1276 dixit
1058 1244 1293 1292 umquam
1342 1229 1418 1279 cui
1465 1245 1564 1277 non
1611 1228 1704 1278 hoc

204 1310 480 1374 periculum
518 1310 572 1359 T.
611 1308 763 1358 Accio
804 1315 1004 1358 auctore
1046 1316 1274 1373 paratum
1316 1326 1419 1358 esse
1454 1309 1703 1358 videatis?

205 1391 337 1440 Nam
375 1391 624 1440 dicturum
665 1391 867 1455 quidem
903 1397 1049 1451 certe,
1088 1391 1129 1439 si
1165 1390 1256 1440 hoc
1291 1391 1528 1439 iudicium
1569 1391 1702 1455 plebi
1730 1410 1778 1454 15

207 1475 458 1523 Romanae
517 1473 827 1537 propositum
880 1472 959 1532 sit,
1009 1472 1260 1521 neminem
1317 1469 1553 1537 umquam
1598 1489 1703 1522 esse

85 1554 183 1606 158
206 1556 455 1604 confirmo.
513 1554 609 1603 Sed
635 1554 728 1602 hoc
760 1553 995 1618 polliceor
1026 1553 1269 1611 omnibUS‚
1293 1554 1332 1602 si
1357 1553 1436 1602 cui
1460 1554 1588 1603 forte
1612 1554 1702 1602 hac

206 1637 311 1701 lege
344 1636 601 1701 negotium
634 1635 903 1684 facessetur
934 1635 1019 1699 qui
1052 1635 1158 1700 lege
1190 1651 1290 1684 non
1323 1642 1566 1695 teneatur,
1595 1635 1637 1683 si
1660 1635 1702 1683 is

207 1719 283 1767 uti
330 1735 408 1766 me
456 1717 713 1766 defensore
760 1717 987 1778 voluerit,
1039 1733 1115 1766 me
1169 1717 1272 1765 eius
1331 1734 1524 1766 causam
1581 1717 1702 1781 legis

206 1799 453 1864 praesidio
486 1798 817 1858 defensurum,
847 1805 898 1846 et
930 1798 1008 1846 vel
1040 1798 1117 1846 his
1149 1797 1396 1846 iudicibus
1421 1798 1500 1847 vel
1525 1798 1702 1847 horum
1725 1817 1779 1846 20
1843 1792 1847 1793 ⁷

207 1881 447 1929 similibus
462 1879 692 1928 facillime
718 1879 1053 1943 probaturum,
1083 1884 1133 1928 et
1157 1879 1291 1927 omni
1315 1896 1393 1927 me
1419 1879 1701 1928 defensione

207 1978 407 2009 usurum
457 1977 562 2009 esse
610 1959 746 2024 legis,
786 1976 883 2023 qua
929 1976 1059 2008 nunc
1107 1966 1164 2008 ut
1210 1966 1324 2008 utar
1363 1960 1425 2008 ab
1466 1976 1523 2009 eo
1565 1959 1702 2008 cuius

208 2042 454 2091 voluntati
493 2040 615 2089 mihi
657 2040 1104 2104 obtemperandum
1145 2047 1221 2089 est
1261 2057 1359 2089 non
1401 2041 1697 2090 concedit-ur.

205 2123 392 2173 LVIII.
437 2123 553 2171 Non
595 2122 727 2170 enim
769 2121 925 2170 debeo
967 2121 1209 2180 dubitare,
1248 2121 1446 2180 iudices,
1491 2123 1624 2186 quin,
1661 2123 1701 2170 si

207 2222 304 2270 qua
334 2204 396 2253 ad
426 2221 514 2253 vos
548 2220 691 2252 causa
723 2203 827 2251 eius
862 2202 996 2251 modi
1032 2202 1197 2251 delata
1233 2203 1298 2251 sit
1333 2204 1438 2252 eius
1474 2204 1559 2267 qui
1595 2203 1701 2268 lege
1725 2218 1776 2262 25

208 2303 306 2334 non
331 2291 573 2345 teneatur,
596 2284 745 2332 etiam
765 2284 806 2331 si
825 2284 866 2331 is
885 2283 1158 2331 invidiosus
1183 2291 1270 2331 aut
1294 2284 1463 2332 multis
1489 2285 1701 2333 offensus

208 2383 311 2416 esse
343 2366 586 2425 videatur,
622 2365 772 2413 etiam
810 2364 850 2412 si
886 2380 1000 2412 eum
1036 2364 1253 2424 oderitis,
1291 2365 1440 2413 etiam
1476 2365 1517 2413 si
1554 2366 1701 2414 inviti

207 2446 483 2496 absoluturi
515 2446 638 2506 sitiS,
675 2451 843 2494 tamen
880 2445 1147 2493 absolvatis
1183 2451 1234 2493 et
1268 2445 1494 2509 religioni
1535 2446 1700 2510 potius

261 2650 297 2686 4.
337 2646 565 2694 hominum,
598 2656 672 2685 S‘r:
708 2644 908 2693 omnium,
942 2659 997 2683 ωε
1034 2657 1098 2695 cp.
1133 2646 1153 2692 ξ
1180 2643 1245 2693 79,
1274 2644 1339 2683 21.
1403 2645 1464 2684 10.
1498 2644 1701 2684 incertum

207 2721 243 2755 et
262 2714 487 2766 infinitum,
511 2725 586 2754 ST:
617 2712 828 2761 infinitum
849 2717 885 2752 et
905 2711 1120 2760 incertum,
1146 2727 1188 2751 ω.
