1820 2956
556 154 687 206 PRO
729 154 792 204 Α.
835 152 1185 204 OLUENTIO.
1595 155 1623 201 5

128 289 349 354 pecunia,
379 305 478 353 quo
516 288 773 335 inimicum
812 288 1130 336 innocentem
1170 286 1386 335 Statium
1417 286 1620 335 Albium

128 369 493 419 condemnaret.
569 367 856 428 Ostendam,
879 368 1082 427 iudices,
1104 367 1624 432 primum—quoniam

129 457 279 515 caput
329 450 463 499 illius
515 450 792 498 atrocitatis
851 455 1002 512 atquc
1054 449 1273 498 invidiae
1319 448 1418 497 fuit
1463 449 1624 498 innoc-

129 538 294 580 entem
353 531 562 595 pecunia
621 531 1336 579 circumventum—neminem
1389 547 1623 593 umquam

82 628 104 672 5
128 613 396 661 maioribus
444 611 748 672 criminibus,
802 612 1114 675 gravioribus
1162 612 1375 660 testibus
1425 628 1528 660 esse
1575 612 1626 659 in

126 694 367 742 iudicium
413 699 645 742 vocatum
664 711 677 753 ;
737 692 920 741 deinde
982 709 1039 742 ea
1085 692 1148 741 de
1204 709 1263 742 eo
1324 692 1627 757 praeiudicia

128 791 232 824 esse
269 775 411 835 facta,
457 775 520 823 ab
556 774 678 839 ipsis
710 774 959 823 iudicibus
993 791 1022 822 a
1057 775 1238 838 quibus
1268 774 1626 823 condemnatus

127 863 215 916 est,
243 862 302 905 ut
338 872 438 905 non
470 856 620 904 modo
657 855 719 904 ab
753 856 923 916 isdem,
952 855 1040 904 sed
1078 872 1140 904 ne
1179 855 1241 904 ab
1279 855 1389 904 aliis
1425 856 1627 920 quidem

126 937 241 985 ullis
279 936 470 985 absolvi
507 936 611 985 ullo
640 937 789 985 modo
821 942 1001 1000 posset.
1077 936 1205 986 Cum
1242 937 1363 986 haec
1395 937 1622 999 docuero,

57 1034 105 1064 10
127 1021 232 1063 tum
271 1014 397 1063 illud
430 1015 704 1075 ostendam,
734 1015 868 1079 quod
904 1015 1119 1063 maxime
1152 1016 1339 1080 requiri
1375 1016 1624 1081 intellego,

127 1096 367 1144 iudicium
430 1095 558 1145 illud
621 1097 833 1160 pecunia
897 1113 1002 1146 esse
1067 1102 1372 1161 temptatum
1436 1115 1537 1147 non
1600 1116 1628 1146 a

128 1176 374 1237 CluentiO,
407 1176 495 1226 sed
532 1183 705 1227 contra
743 1177 1047 1238 Cluentium,
1075 1178 1353 1242 faciamque
1391 1185 1450 1227 ut
1486 1179 1628 1228 intel-

127 1257 303 1323 legatis
341 1258 393 1307 in
431 1264 539 1307 tota
576 1258 662 1307 illa
701 1275 847 1307 causa
879 1259 1001 1324 quid
1033 1276 1111 1308 res
1146 1260 1255 1324 ipsa
1290 1260 1478 1322 tulerit,
1507 1261 1624 1324 quid

128 1355 264 1389 error
299 1339 581 1400 adfinxerit,
609 1340 729 1403 quid
765 1340 956 1390 invidia
992 1342 1231 1390 conflarit.

58 1442 104 1486 ¹5
195 1421 421 1470 Primum
459 1421 614 1486 igitur
654 1422 780 1471 illud
821 1428 910 1482 est,
949 1439 1012 1472 ex
1053 1440 1153 1487 quo
1200 1423 1425 1488 intellegi
1472 1425 1630 1489 possit
1653 1418 1717 1470 10

127 1502 357 1552 debuisse
400 1502 690 1553 Cluentium
733 1521 915 1570 magno
957 1521 1104 1570 opere
1147 1522 1322 1554 causae
1365 1506 1624 1567 confidere,

127 1585 261 1649 quod
308 1585 595 1634 certissimis
644 1585 937 1635 criminibus
985 1595 1037 1635 et
1094 1587 1308 1636 testibus
1361 1587 1519 1636 fretus
1565 1587 1627 1636 ad

126 1667 457 1716 accusandum
494 1666 821 1716 descenderit.
895 1667 1005 1716 Hoc
1042 1667 1150 1717 loco
1181 1668 1465 1717 faciendum
1489 1669 1624 1730 mihi,

126 1748 327 1809 iudices,
370 1754 447 1798 est
484 1754 542 1797 ut
570 1749 712 1798 vobis
751 1749 972 1798 breviter
1009 1749 1096 1798 illa
1130 1750 1311 1813 quibus
1336 1750 1518 1800 Albius
1554 1757 1630 1800 est

52 1855 104 1883 20
127 1829 484 1885 condemnatus
555 1830 762 1879 crimina
832 1847 1093 1895 exponam.
1190 1832 1296 1881 Abs
1366 1838 1417 1881 te
1494 1839 1624 1897 peto,

127 1911 414 1977 Oppianice,
475 1918 535 1960 ut
592 1928 672 1960 me
730 1913 949 1962 invitum
1007 1912 1069 1961 de
1127 1913 1284 1978 patris
1343 1914 1420 1962 tui
1485 1931 1628 1963 causa

127 1992 289 2041 dicere
337 1993 605 2051 existimes,
657 1993 931 2043 adductum
978 1993 1076 2042 fide
1123 2000 1275 2058 atque
1334 1996 1492 2045 officio
1550 1996 1629 2045 de-

127 2074 376 2123 fensionis.
449 2073 650 2123 Etenim
693 2075 787 2123 tibi
824 2075 866 2124 si
901 2075 954 2123 in
995 2076 1278 2139 praesentia
1314 2077 1434 2125 satis
1469 2077 1628 2126 facere

127 2173 226 2204 non
266 2161 491 2219 potuero,
518 2162 689 2204 tamen
718 2156 908 2205 multae
944 2157 1067 2205 mihi
1096 2157 1158 2206 ad
1197 2159 1318 2207 satis
1346 2158 1627 2207 faciendum

51 2265 102 2305 25
126 2237 318 2301 reliquo
359 2235 584 2301 tempore
620 2237 884 2286 facultates
921 2238 1208 2288 dabuntur:
1265 2239 1499 2289 Cluentio
1534 2241 1628 2289 nisi

127 2335 259 2367 nunc
283 2319 403 2367 satis
439 2319 614 2379 fecero,
643 2326 816 2384 postea
852 2319 975 2367 mihi
1000 2321 1121 2369 satis
1158 2321 1373 2369 faciendi
1408 2328 1629 2386 potestas

128 2417 225 2449 non
253 2401 361 2450 erit.
436 2399 596 2449 Simul
656 2407 709 2450 et
771 2400 897 2450 illud
956 2402 1067 2465 quis
1131 2407 1206 2450 est
1253 2402 1338 2466 qui
1400 2402 1630 2452 dubitare

127 2481 322 2543 debeat,
373 2488 546 2531 contra
603 2481 897 2531 damnatum
945 2488 996 2531 et
1043 2489 1297 2531 mortuum
1346 2500 1436 2548 pro
1483 2484 1632 2533 incol-

184 2626 220 2664 1.
254 2623 486 2673 inimicum,
510 2635 585 2664 s'r:
617 2624 837 2664 inimicum
865 2637 1001 2672 suum,
1028 2640 1058 2664 ω
1089 2626 1169 2676 (cp.
1196 2625 1303 2674 §21,
1328 2626 1383 2674 6).
1445 2626 1483 2666 3.
1517 2626 1631 2666 illius

128 2694 268 2739 caput,
293 2699 355 2737 s'r,
379 2688 570 2729 Classen.
622 2688 702 2741 Qy.
728 2689 837 2729 illud
857 2694 984 2740 caput
1004 2689 1148 2729 illius?
1198 2691 1259 2729 18.
1286 2689 1366 2741 Qy.
1392 2690 1631 2731 descendit?

129 2754 215 2802 (see
235 2752 403 2799 Notes).
466 2755 530 2793 23.
565 2753 842 2803 satisfacere,
865 2766 948 2794 om.
974 2765 1023 2793 ST
1044 2755 1130 2802 (see
1150 2753 1320 2803 Notes).
