1820 2956
167 127 227 171 26
598 125 729 174 PRO
767 126 831 173 Α.
874 86 1267 174 GLUENTJOJ

165 257 353 306 absolvi
399 258 536 305 nullo
582 257 729 306 modo
777 258 1024 321 potuerit:
1095 258 1371 320 cognoscite
1417 275 1549 306 nunc
1587 259 1660 307 ita

165 355 304 387 reum
345 340 551 388 citatum
593 357 696 388 esse
732 340 885 398 illum,
923 347 982 389 ut
1018 357 1071 389 re
1109 340 1259 389 semel
1296 346 1443 404 atque
1478 341 1659 388 iterum

165 420 501 484 praeiudicata
576 421 931 470 condemnatus
1005 421 1058 469 in
1131 421 1371 469 iudicium
1450 421 1656 470 venerit.

165 501 296 549 Nam
344 501 616 561 Cluentius,
667 502 865 562 iudices,
915 502 1132 565 primum
1178 511 1376 551 nomen‘
1419 503 1524 551 eius
1581 502 1661 551 de-

166 582 283 631 tulit
319 583 457 631 cuius
494 583 546 630 in
585 583 813 631 manibus
851 599 1098 631 venenum
1147 582 1571 646 deprehenderat:
1620 583 1660 630 is
1712 586 1735 630 5

165 669 272 712 erat
329 663 536 712 libertus
593 663 935 712 Fabriciorum
995 663 1307 713 Scamander.
1402 662 1660 727 Integrum

166 745 437 805 consilium,
482 745 652 794 iudicii
701 745 920 809 corrupti
966 744 1104 794 nulla
1150 745 1391 808 suspicio:
1451 744 1660 808 simplex

165 827 218 874 in
257 825 494 874 iudicium
532 843 689 887 causa,
729 831 862 875 certa
897 843 986 887 res,
1027 843 1182 874 unum
1218 826 1401 874 crimen
1439 825 1660 874 adlatum

166 911 252 956 est.
327 906 425 955 Hic
466 912 572 955 tum
618 906 670 956 O.
715 907 982 966 Fabricius,
1022 907 1063 955 is
1104 907 1165 956 de
1203 923 1299 970 quo
1336 913 1451 955 ante
1487 906 1658 955 dixi—

165 986 250 1050 qui
286 987 465 1035 liberto
501 987 736 1035 damnato
773 987 866 1035 sibi
902 987 1028 1035 illud
1063 987 1346 1051 impendere
1389 987 1660 1051 periculum
1689 998 1737 1026 10

140 1067 560 1131 ¹videret——quod
612 1068 734 1115 mihi
783 1085 895 1116 cum
943 1068 1315 1116 Aletrinatibus
1354 1068 1658 1117 vicinitatem

165 1152 215 1196 et
250 1164 361 1196 cum
402 1148 649 1212 plerisque
699 1165 865 1197 eorum
917 1165 1154 1212 magnum
1202 1166 1346 1198 usum
1395 1166 1498 1198 esse
1547 1149 1661 1198 scie-

165 1229 265 1287 bat,
314 1229 600 1293 frequentes
647 1245 729 1279 eos
777 1229 839 1278 ad
885 1246 964 1278 me
1012 1229 1215 1278 domum
1273 1230 1515 1290 adduxit;
1574 1230 1661 1294 qui

165 1326 463 1374 quamquam
509 1310 572 1359 de
613 1310 812 1359 homine
860 1311 986 1359 sicut
1032 1328 1228 1360 necesse
1269 1318 1374 1361 erat
1414 1312 1662 1360 existima-

165 1391 298 1450 bant,
342 1397 524 1451 tamen,
568 1391 703 1455 quod
741 1398 847 1440 erat
888 1408 951 1440 ex
992 1392 1165 1441 eodem
1218 1393 1498 1456 municipio,
1544 1409 1660 1442 suae
1690 1402 1735 1446 15

165 1472 426 1537 dignitatis
499 1489 601 1521 esse
675 1472 1047 1522 arbitrabantur
1103 1490 1217 1521 eum
1275 1474 1455 1537 quibus
1513 1475 1659 1523 rebus

166 1559 366 1617 possent
412 1553 676 1602 defendere
692 1572 706 1615 3
766 1553 915 1617 idque
963 1571 992 1602 a
1039 1572 1115 1603 me
1162 1561 1219 1603 ut
1261 1555 1470 1604 facerem
1512 1561 1563 1604 et
1603 1562 1661 1604 ut

165 1651 359 1682 causam
418 1634 705 1683 Scamandri
776 1635 1073 1698 susciperem
1132 1635 1382 1698 petebant,
1443 1636 1495 1684 in
1563 1653 1661 1700 qua

75 1708 141 1760 50
165 1732 310 1764 causa
350 1716 547 1779 patroni
590 1733 734 1764 omne
776 1716 1048 1779 periculum
1091 1717 1449 1765 continebatur.
1539 1717 1656 1780 Ego,

165 1797 250 1860 qui
291 1813 451 1861 neque
492 1797 589 1845 illis
631 1797 814 1845 talibus
857 1797 975 1845 viris
1011 1814 1064 1845 ac
1103 1803 1206 1846 tam
1244 1799 1524 1847 amantibus
1562 1799 1659 1847 mei
1685 1812 1737 1841 20

163 1895 267 1927 rem
336 1896 529 1942 possem
597 1878 750 1927 ullam
819 1896 996 1943 negare
1065 1895 1224 1943 neque
1293 1879 1417 1928 illud
1474 1880 1659 1929 crimen

164 1965 359 2007 tantum
408 1976 461 2008 ac
509 1965 612 2008 tam
659 1960 978 2008 manifestum
1037 1976 1140 2008 6886
1199 1961 1660 2010 arbitrarer—sicut

163 2057 225 2088 ne
255 2040 328 2088 illi
358 2041 558 2103 quidem
595 2040 690 2103 ipsi
725 2041 811 2104 qui
848 2040 971 2088 mihi
1009 2046 1115 2088 tum
1150 2041 1285 2089 illam
1311 2059 1504 2090 causam
1536 2060 1660 2091 com-

164 2121 466 2170 mendabant
527 2121 1230 2185 arbitrabantur,—pollicitus
1287 2124 1357 2171 eis
1414 2140 1523 2171 sum
1581 2141 1659 2172 me

164 2202 331 2251 omnia
366 2219 490 2266 quae
527 2203 714 2251 vellent
749 2219 853 2251 esse
889 2204 1149 2251 facturum.
1683 2219 1732 2259 25

231 2283 425 2332 XVIII.
467 2284 565 2332 Res
590 2285 668 2348 agi
693 2290 867 2347 coepta
898 2292 1001 2333 est:
1038 2285 1218 2332 citatus
1255 2290 1330 2333 est
1362 2285 1659 2335 Scamander

163 2380 288 2412 reus.
334 2363 613 2413 Accusabat
637 2364 691 2413 P.
715 2365 1007 2423 Cannutius,
1028 2364 1175 2413 homo
1200 2365 1252 2412 in
1276 2365 1449 2429 primis
1473 2367 1658 2431 ingeni-

164 2462 278 2494 osus
326 2451 376 2494 et
421 2445 474 2493 in
521 2444 731 2493 dicendo
787 2446 1084 2494 exercitatus
1100 2465 1114 2507 3
1174 2447 1433 2495 accusabat
1491 2455 1658 2496 autem

219 2578 282 2617 10.
316 2576 459 2616 liberto
486 2577 704 2625 damnato,
735 2576 818 2616 del.
850 2576 1080 2616 Hartman.
1143 2577 1266 2626 illud,
1290 2578 1436 2618 codd.:
1471 2578 1584 2618 idem
1609 2593 1657 2618 or

163 2640 273 2680 illud
306 2640 432 2688 idem,
468 2640 691 2680 Lehmann
726 2641 936 2689 (Hermes,
972 2643 1088 2690 1880,
1125 2655 1166 2694 p.
1205 2643 1339 2691 571),
1388 2643 1454 2683 23.
1487 2644 1658 2695 quidem

164 2703 262 2755 ipsi,
287 2719 338 2744 w:
370 2704 455 2755 ipsi
475 2705 658 2756 quidem,
683 2716 744 2744 ST.
806 2705 870 2744 24.
903 2704 974 2754 eis,
999 2718 1082 2745 0111.
1107 2717 1167 2746 ST.
1196 2708 1259 2755 (as
1278 2709 1299 2756 ἕ
1321 2707 1404 2751 63).
