1820 2956
600 116 728 165 PRO
766 115 828 164 A.
872 116 949 164 Gt
963 116 1231 165 UMNTJO.
1597 120 1660 166 43

163 253 214 300 in
262 252 490 300 contione
539 267 638 299 non
686 250 1057 315 intellegebant,
1116 250 1297 316 (neque
1345 252 1477 300 enim
1525 252 1664 301 doce-

162 333 406 398 bantur);
476 338 724 381 versatam
797 348 901 380 esse
975 332 1026 379 in
1100 332 1283 381 iudicio
1359 333 1662 382 mentionem

162 415 396 479 pecuniae
422 413 703 463 sentiebant
719 432 731 474 ;
769 413 1082 462 innocentem
1114 431 1252 464 reum
1279 415 1663 466 condemnatum

164 495 432 545 audiebant
450 514 463 557 ;
499 495 690 545 Staieni
715 496 962 544 sententia
986 495 1370 545 condemnatum
1396 497 1634 548 videbant
1652 517 1664 560 3

117 590 138 633 5
163 595 262 627 non
308 578 463 643 gratis
509 577 562 627 id
608 578 672 627 ab
720 594 777 627 eo
824 577 1010 626 factum
1063 594 1180 639 esse,
1231 578 1365 643 quod
1413 579 1665 630 hominem

162 666 354 719 norant,
399 659 698 708 iudicabant.
775 658 959 708 Similis
1000 659 1053 707 in
1094 659 1270 720 Bulbo,
1310 661 1362 709 in
1406 661 1577 722 Gutta,
1613 663 1666 711 in

163 741 270 790 aliis
295 758 394 790 non
419 740 571 789 nullis
597 740 810 805 suspicio
836 741 1152 790 consistebat.
1227 742 1403 806 Itaque
1430 745 1667 793 confiteor
1688 749 1755 803 79

162 822 344 872 —licet
391 822 523 871 enim
565 822 665 871 iam
711 822 928 886 impune,
966 822 1058 872 hoc
1107 825 1396 887 praesertim
1444 825 1496 873 in
1543 825 1663 887 loco,

163 904 592 969 confiteri—quod
630 904 891 969 Oppianici
927 922 1028 954 non
1064 906 1213 955 modo
1249 906 1366 968 vita,
1395 907 1480 956 sed
1517 909 1668 957 etiam

92 1005 141 1033 10
163 1003 344 1035 nomen
393 991 508 1035 ante
555 985 679 1034 illud
729 991 924 1050 tempus
972 987 1155 1051 populo
1202 988 1427 1053 ignotum
1476 990 1663 1051 fuisset,

163 1067 566 1133 indignissimum
613 1084 760 1132 porro
808 1067 1063 1118 videretur
1111 1070 1503 1120 circumventum
1563 1089 1667 1122 esse

162 1149 478 1199 innocentem
503 1149 724 1214 pecunia,
752 1149 879 1199 hanc
904 1150 1084 1200 deinde
1110 1153 1439 1216 suspicionem
1465 1161 1669 1219 augeret

164 1221 357 1281 Staieni
399 1231 692 1295 improbitas
740 1238 791 1280 et
837 1249 938 1281 non
985 1234 1237 1283 nullorum
1285 1236 1389 1284 eius
1432 1236 1669 1286 similium

161 1314 383 1363 iudicum
407 1313 681 1378 turpitudo,
705 1331 900 1363 causam
926 1321 1092 1364 autem
1115 1322 1283 1381 ageret
1306 1317 1360 1366 L.
1391 1318 1665 1379 Quinctius,

93 1410 140 1454 15
162 1395 311 1445 homo
370 1413 480 1444 cum
541 1412 734 1445 summa
790 1401 1040 1460 potestate
1109 1399 1377 1463 praeditus,
1439 1406 1547 1449 tum
1605 1401 1669 1450 ad

162 1477 541 1527 inflammandos
605 1478 795 1527 animos
858 1479 1197 1528 multitudinis
1256 1482 1666 1543 accommodatuS,

164 1577 410 1609 summam
466 1560 540 1608 illi
598 1559 782 1609 iudicio
841 1561 1083 1610 invidiam
1151 1563 1506 1628 infamiamque
1566 1582 1669 1615 esse

165 1643 427 1693 conflatam
444 1661 458 1704 3
510 1649 660 1707 atque
702 1643 754 1691 in
796 1642 923 1691 hanc
969 1644 1219 1693 flammam
1266 1652 1515 1695 recentem
1563 1652 1667 1696 tum

166 1724 219 1774 O.
259 1723 475 1785 Iunium,
517 1724 602 1789 qui
649 1723 724 1772 illi
766 1724 1046 1788 quaestioni
1093 1726 1388 1789 praefuerat,
1431 1727 1670 1777 iniectum

92 1825 144 1853 20
166 1822 268 1856 esse
327 1806 544 1867 memini,
607 1814 658 1856 et
714 1805 857 1854 illum
915 1805 1168 1854 hominem
1234 1806 1515 1856 aedilicium
1572 1809 1671 1858 iam

165 1895 445 1954 praetorem
508 1889 826 1954 opinionibus
891 1889 1097 1937 omnium
1160 1889 1504 1950 constitutum,
1571 1908 1671 1941 non

167 1971 525 2036 disceptatione
561 1971 773 2029 dicendi,
802 1970 889 2020 sed
925 1970 1136 2019 clamore
1172 1970 1432 2020 hominum
1468 1973 1529 2023 de
1565 1974 1671 2024 foro

168 2058 315 2118 atque
352 2053 473 2102 adeo
510 2053 572 2102 de
608 2053 810 2102 civitate
848 2069 951 2102 esse
989 2052 1258 2102 sublatum.

235 2134 411 2199 Neque
446 2152 524 2183 me
560 2135 784 2200 paenitet
819 2134 911 2184 hoc
947 2141 1171 2199 tempore
1208 2136 1375 2199 potius
1400 2153 1549 2200 quam
1586 2138 1670 2188 illo
1695 2155 1760 2207 30

95 2232 144 2276 25
169 2234 365 2266 causam
408 2218 467 2266 A.
513 2216 714 2266 Cluenti
756 2215 1035 2266 defendere.
1127 2216 1288 2266 Causa
1330 2219 1462 2266 enim
1505 2226 1673 2269 manet

169 2299 354 2359 eadem,
399 2316 525 2364 quae
571 2299 755 2348 mutari
802 2298 939 2348 nullo
987 2298 1136 2347 modo
1184 2304 1380 2362 potest:
1434 2302 1672 2365 temporis

168 2381 404 2445 iniquitas
440 2386 588 2445 atque
624 2381 814 2430 invidia
849 2381 1061 2440 recessit,
1104 2386 1160 2429 ut
1196 2381 1329 2446 quod
1364 2382 1416 2430 in
1449 2388 1671 2448 tempore

169 2462 285 2511 mali
317 2462 412 2512 fuit
443 2462 568 2511 nihil
605 2463 748 2523 obsit,
777 2462 910 2527 quod
946 2463 999 2511 in
1035 2480 1179 2511 causa
1213 2463 1331 2512 boni
1367 2464 1463 2512 fuit
1497 2466 1667 2528 prosit.

224 2608 260 2648 3.
296 2608 630 2657 condemnatum,
650 2608 769 2649 1³be
791 2609 1113 2649 condemnatum
1134 2622 1228 2658 6336,
1250 2620 1288 2650 F.
1344 2610 1405 2650 15.
1428 2611 1666 2662 praeditus,

171 2686 252 2712 om.
286 2683 336 2713 ΒΤ
366 2674 448 2725 (cp.
482 2675 503 2722 ξ
535 2675 623 2722 131,
661 2674 740 2724 16).
805 2675 868 2715 19.
902 2687 985 2714 esse
1014 2674 1226 2723 iniectum,
1260 2685 1320 2715 s'r.
1381 2675 1447 2715 21.
1483 2676 1671 2718 omnium

172 2739 259 2787 (see
279 2737 448 2787 Notes).
510 2739 574 2778 22.
609 2739 789 2779 clamore
811 2738 1040 2788 hominum,
1066 2750 1133 2779 W:
1166 2739 1362 2790 clamore,
1386 2751 1436 2781 ετ
