1858 2956
207 158 299 205 100
636 154 766 203 PRO
800 154 863 202 A.
907 153 1263 203 CLUENTIO.

201 290 261 338 de
298 290 429 338 furto
465 295 796 352 quaereretur,
825 295 875 336 et
911 304 967 336 eo
1002 288 1135 335 furto
1171 287 1304 350 quod
1337 287 1419 335 ille
1451 286 1556 336 sine
1585 305 1693 336 con-

201 360 440 419 troversia
480 370 677 427 fecerat,
718 376 824 416 tum
865 368 948 416 ille
990 368 1052 416 de
1094 384 1151 416 eo
1193 368 1327 432 quod
1365 370 1694 432 quaerebatur

200 451 406 500 verbum
443 451 634 499 nullum
672 450 824 498 fecit-‚2
893 451 970 499 De
1007 467 1199 499 veneno
1239 451 1425 514 statim⁴
1448 451 1592 512 dixit,
1630 452 1692 501 de

199 532 333 580 furto
380 532 421 579 si
468 549 568 579 non
615 548 672 580 eo
719 531 826 580 loco
874 548 970 594 quo
1018 531 1206 590 debuit,
1250 548 1312 580 ne
1360 532 1411 579 in
1472 539 1694 581 extrema

201 612 402 676 quidem
439 618 526 660 aut
563 612 725 660 media
763 618 850 660 aut
888 611 1053 675 aliqua
1094 611 1306 675 denique
1348 619 1487 675 parte
1528 629 1695 676 quaes—
1745 629 1767 672 5

200 693 349 740 tionis
374 693 579 741 verbum
604 692 720 740 fecit
743 692 939 740 ullum?
1006 691 1187 741 LXVI.
1222 692 1327 740 Iam
1351 692 1533 741 videtis
1556 693 1693 741 illam

201 773 437 821 nefariam
496 773 764 833 mulierem,
815 773 1014 832 iudices,
1065 773 1236 821 eadem
1294 790 1445 822 manu
1493 791 1602 837 qua,
1652 775 1693 823 si

200 853 346 902 detur
380 861 613 917 potestas,
642 854 915 902 interficere
951 853 1109 901 filium
1146 854 1326 917 cupiat,
1366 855 1492 903 hanc
1529 856 1692 903 fictam

200 934 539 998 quaestionem
610 934 964 998 conscripsisse.
1074 934 1242 998 Atque
1316 935 1464 983 istam
1536 935 1689 999 ipsam

199 1015 538 1079 quaestionem
596 1015 746 1064 dicite
793 1015 878 1079 qui
936 1015 1208 1079 obsignarit
1266 1032 1420 1064 unum
1479 1016 1692 1080 aliquem
1721 1037 1769 1066 ιο

198 1096 522 1145 nominatim:
559 1096 808 1144 neminem
844 1095 1114 1159 reperietiS,
1141 1096 1237 1143 nisi
1266 1096 1393 1145 forte
1423 1097 1528 1145 eius
1557 1097 1692 1146 modi

199 1176 449 1225 hominem
487 1193 634 1239 quem
676 1193 766 1240 ego
807 1176 1015 1239 proferri
1052 1176 1223 1224 malim
1261 1193 1407 1240 quam
1446 1178 1693 1226 neminem

79 1255 176 1307 186
198 1257 455 1307 nominari.
529 1257 661 1317 Quid
697 1258 781 1316 ais,
820 1257 874 1306 T.
910 1257 1064 1305 Acci‘l
1101 1263 1158 1305 tu
1193 1257 1466 1321 periculum
1502 1258 1688 1321 capitiS,

198 1344 253 1388 tu
278 1338 519 1387 indicium
553 1338 761 1399 sceleris,
790 1343 847 1387 tu
883 1339 1107 1386 fortunas
1143 1338 1345 1387 alterius
1381 1339 1560 1387 litteris
1585 1356 1694 1388 con-

198 1420 403 1482 scriptas
441 1420 493 1467 in
530 1419 768 1467 iudicium
805 1418 1009 1478 adferaS,
1038 1435 1199 1482 neque
1237 1427 1404 1467 earum
1442 1425 1692 1469 auctorem
1719 1438 1764 1480 15

197 1501 477 1549 litterarum
517 1517 677 1564 neque
719 1501 1085 1564 obsignatorem
1124 1517 1284 1564 neque
1321 1506 1500 1549 testem
1536 1501 1691 1549 ullum

197 1581 512 1630 nominabis?
549 1588 599 1630 et
637 1598 786 1646 quam
824 1586 880 1630 tu
922 1586 1113 1645 pestem
1151 1580 1553 1630 innocentissimo
1590 1582 1692 1631 filio

138 1665 148 1675 ’
198 1663 261 1712 de
295 1663 469 1711 matris
506 1663 619 1712 sinu
655 1662 1030 1727 deprompseris,
1059 1663 1187 1710 hanc
1214 1662 1268 1710 hi
1297 1662 1420 1711 tales
1444 1662 1539 1711 viri
1567 1679 1693 1711 com-

197 1743 514 1807 probabunt?
585 1743 719 1802 Esto,
758 1743 811 1791 in
846 1743 1040 1792 tabellis
1076 1743 1202 1791 nihil
1244 1749 1319 1790 est
1355 1743 1691 1792 auctoritatis:

198 1823 331 1888 quid,
376 1824 482 1887 ipsa
522 1824 747 1887 quaestio
788 1823 1049 1882 iudicibus,
1094 1823 1229 1887 quid,
1275 1823 1444 1872 amicis
1490 1821 1693 1886 hospiti·
1714 1839 1768 1867 20
1851 1888 1858 1893 ι

197 1905 388 1968 busque
424 1904 700 1968 Oppianici,
729 1921 854 1968 quos
892 1905 1191 1953 adhibuerat
1225 1911 1386 1964 antea,
1414 1904 1550 1967 quid,
1578 1904 1692 1952 huic

197 1985 401 2034 tandem
426 1985 521 2049 ipsi
545 1986 757 2048 tempori
783 2002 868 2033 cur
892 2002 992 2033 non
1018 1991 1213 2033 servata
1237 1987 1347 2033 est?
1416 1984 1547 2044 Quid
1582 1985 1691 2033 istis

197 2065 482 2114 hominibus
540 2066 728 2114 factum
797 2071 884 2126 est,
949 2065 1181 2118 Stratone
1251 2072 1302 2113 et
1371 2064 1692 2113 Nicostrato?

77 2142 175 2194 187
199 2147 393 2207 Quaero
428 2147 514 2195 abs
550 2152 614 2206 te,
643 2146 929 2210 Oppianice,
957 2163 1101 2194 servo
1137 2153 1224 2194 tuo
1260 2145 1547 2194 Nicostrato
1572 2145 1692 2209 quid

197 2228 383 2276 factum
408 2244 512 2276 esse
539 2227 670 2276 dicas
691 2247 705 2288 3
740 2243 889 2290 quem
913 2232 981 2286 tu,
1011 2243 1122 2275 cum
1148 2227 1278 2275 hunc
1307 2227 1446 2275 brevi
1470 2233 1692 2291 tempore
1715 2237 1765 2281 25

198 2314 512 2361 accusaturus
548 2324 691 2368 esses,
719 2308 929 2356 Romam
954 2307 1212 2367 deducere,
1239 2306 1356 2355 dare
1391 2313 1690 2370 potestatem

196 2388 463 2447 indicandi,
514 2388 812 2437 incolumem
870 2388 1085 2451 denique
1143 2404 1338 2436 servare
1396 2388 1686 2451 quaestioni,

197 2485 392 2518 servare
427 2469 505 2517 his
541 2469 799 2529 iudicibus,
829 2485 1024 2517 servare
1060 2468 1173 2516 huic
1209 2469 1421 2532 tempori
1457 2469 1684 2518 debuisti.

252 2603 313 2643 10.
339 2601 1028 2654 qui...nominatim(s'r),Baiter:
1053 2600 1145 2652 quis
1161 2601 1427 2642 ¹..nominate
1442 2603 1689 2651 w(nominat

196 2668 263 2715 M).
340 2668 401 2707 18.
440 2666 504 2716 de,
541 2677 613 2708 sr:
660 2678 724 2715 ex,
762 2679 793 2704 ω
833 2665 868 2717 (ξ
908 2665 1015 2717 175).
1089 2665 1155 2705 22.
1194 2672 1375 2714 servata,
1414 2677 1490 2707 sr:
1534 2679 1689 2708 reserv-

196 2736 284 2780 ata,
309 2745 350 2771 ω.
