1820 2956
197 125 259 172 62
629 123 762 174 PRO
796 123 861 174 A.
904 124 1260 174 C'LUENTIO.

74 258 173 312 116
196 257 367 306 eadem
402 274 485 307 reo
519 257 754 306 damnato
786 258 1011 307 adhibita
1043 265 1130 308 est.
1204 258 1264 307 In
1293 258 1465 308 litibus
1496 260 1689 308 aestim-

195 339 336 388 andis
383 339 483 387 fere
523 339 711 388 iudices
751 345 849 399 aut,
894 339 1027 404 quod
1066 340 1158 388 sibi
1201 357 1312 389 eum
1354 357 1500 404 quem
1538 341 1688 390 semel

195 419 588 469 condemnarunt
615 420 870 469 inimicum
900 426 1081 485 putant
1110 437 1228 482 esse,
1265 421 1306 470 si
1336 438 1462 485 quae
1490 422 1542 470 in
1575 439 1687 471 eum

194 500 254 549 lis
279 500 452 564 capitis
485 500 624 550 illata
652 507 740 561 est,
768 518 868 550 non
898 501 1187 563 admittunt,
1216 509 1315 562 aut,
1345 503 1479 567 quod
1506 520 1557 552 se
1582 521 1688 568 per-

193 581 389 630 functos
421 580 520 629 iam
552 598 656 630 esse
686 581 1004 644 arbitrantur,
1038 600 1149 632 cum
1182 583 1244 632 de
1276 601 1359 633 reo
1389 584 1683 646 iudicarunt,
1738 599 1760 644 5

194 661 534 727 neglegentius
570 662 838 711 attendunt
870 670 1044 714 cetera.
1117 664 1295 729 Itaque
1331 671 1382 714 et
1417 666 1687 714 maiestatis

194 743 407 792 absoluti
443 749 559 792 sunt
595 744 842 807 permulti,
881 745 1063 809 quibus
1088 745 1340 795 damnatis
1376 746 1438 796 de
1467 747 1687 811 pecuniis

192 825 481 888 repetundis
539 824 652 874 lites
711 826 985 875 maiestatis
1046 834 1212 875 essent
1270 827 1574 888 aestimatae,
1636 834 1688 877 et

192 905 284 955 hoc
343 906 523 955 cotidie
581 906 686 955 fieri
750 906 988 967 videmus,
1048 914 1104 955 ut
1173 924 1256 956 reo
1325 908 1561 957 damnato
1625 909 1686 958 de

193 987 411 1051 pecuniis
445 987 748 1051 repetundis,
789 987 850 1036 ad
886 1004 1009 1052 quos
1044 988 1326 1051 pervenisse
1369 989 1599 1052 pecunias
1633 990 1686 1038 in
1715 1019 1763 1048 10

191 1068 362 1117 litibus
409 1069 728 1117 aestimandis
771 1074 1017 1117 statutum
1065 1069 1142 1128 sit,
1188 1085 1270 1118 eos
1318 1069 1453 1118 idem
1499 1071 1686 1119 iudices

192 1149 452 1198 absolvant
469 1167 482 1209 3
529 1149 662 1213 quod
710 1166 820 1198 cum
860 1150 928 1210 fit,
968 1166 1067 1198 non
1106 1149 1289 1199 iudicia
1321 1151 1681 1211 rescinduntur,

192 1231 275 1279 sed
324 1230 416 1279 hoc
464 1231 716 1292 statuitur,
767 1231 1164 1280 aestimationem
1210 1232 1375 1280 litium
1422 1250 1522 1282 non
1580 1250 1684 1283 esse

190 1311 442 1360 iudicium.
516 1311 750 1361 Scaevola
774 1312 1130 1362 condemnatus
1154 1319 1231 1362 est
1255 1313 1363 1362 aliis
1383 1315 1681 1375 criminibuS,

190 1394 602 1457 frequentissimis
650 1394 861 1458 Apuliae
907 1395 1119 1443 testibus
1136 1413 1150 1455 3
1197 1396 1332 1444 omni
1368 1397 1684 1445 contentione
1712 1420 1758 1463 15

189 1480 464 1539 pugnatum
490 1480 566 1523 est
589 1475 665 1523 uti
689 1474 750 1523 lis
778 1475 897 1524 haec
925 1475 1101 1540 capitis
1130 1478 1484 1527 aestimaretur.
1547 1478 1683 1541 Quae

189 1573 266 1605 res
302 1556 343 1604 si
378 1556 450 1604 rei
485 1555 730 1605 iudicatae
762 1557 957 1620 pondus
989 1557 1255 1616 habuisset,
1286 1558 1370 1607 ille
1401 1566 1574 1623 postea
1604 1560 1682 1609 vel

190 1638 345 1686 isdem
371 1637 449 1686 vel
476 1637 583 1686 aliis
608 1637 820 1686 inimicis
847 1655 956 1687 reus
981 1639 1072 1688 hac
1096 1639 1203 1704 lege
1227 1640 1334 1704 ipsa
1356 1641 1515 1690 factus
1538 1649 1678 1690 esset.

68 1715 167 1769 117
257 1719 413 1767 XLII.
467 1719 703 1783 Sequitur
742 1719 795 1768 id
843 1721 975 1784 quod
1017 1721 1089 1770 illi
1131 1722 1370 1770 iudicium
1413 1723 1678 1788 appellant,

188 1802 396 1850 maiores
433 1807 598 1849 autem
634 1802 794 1850 nostri
829 1818 1101 1866 numquam
1130 1820 1290 1867 neque
1326 1805 1563 1853 iudicium
1599 1823 1682 1854 no—
1706 1828 1757 1856 20

188 1884 441 1932 minarunt
478 1899 638 1947 neque
676 1883 884 1947 proinde
921 1890 980 1932 ut
1016 1901 1119 1932 rem
1156 1885 1423 1934 iudicatam
1459 1887 1682 1936 observa-

187 1971 317 2025 runt,
346 1964 824 2013 animadversionem
848 1971 996 2029 atque
1022 1967 1368 2016 auctoritatem
1393 1970 1676 2019 censoriam.

187 2046 295 2107 Qua
329 2046 391 2094 de
430 2062 481 2094 re
517 2052 632 2094 ante
668 2063 816 2109 quam
853 2046 1013 2095 dicere
1049 2048 1244 2111 incipio,
1279 2065 1524 2112 perpauca
1558 2051 1679 2099 mihi

186 2127 247 2175 de
282 2143 392 2176 meo
434 2127 590 2175 officio
636 2128 788 2176 verba
833 2127 1064 2177 faciunda
1111 2136 1240 2190 sunt,
1286 2136 1344 2179 ut
1385 2148 1413 2179 a
1448 2148 1524 2180 me
1567 2149 1677 2181 cum

185 2208 387 2256 huiusce
416 2207 620 2271 periculi
653 2214 761 2256 tum
797 2214 1071 2257 ceterorum
1101 2227 1297 2274 quoque
1330 2212 1600 2263 officiorum
1629 2221 1679 2263 et
1702 2229 1752 2271 25

184 2290 511 2339 amicitiarum
551 2290 676 2338 ratio
724 2298 1014 2340 conservata
1061 2308 1164 2341 esse
1212 2293 1451 2342 videatur.
1547 2295 1678 2344 Nam

183 2373 305 2420 mihi
335 2389 444 2421 cum
471 2372 587 2421 viris
615 2372 828 2421 fortibus
860 2373 945 2436 qui
975 2390 1197 2423 censores
1227 2377 1451 2439 proxime
1476 2378 1676 2428 fuerunt

235 2526 271 2563 4.
307 2537 391 2563 non
427 2522 660 2572 remittunt,
702 2523 912 2576 Postgate
947 2525 1116 2574 (Journ.
1162 2526 1294 2575 Phil„
1332 2528 1468 2574 xxvi.‚
1506 2541 1548 2581 p.
1587 2531 1670 2579 89).

182 2590 219 2628 8.
262 2588 509 2636 maiestatis,
552 2599 628 2628 S'r:
672 2601 754 2628 om,
800 2603 842 2629 ω.
916 2590 978 2628 11.
1020 2602 1086 2628 eos
1125 2590 1235 2629 idem
1276 2591 1453 2642 (iidem),
1496 2592 1671 2635 Baiter:

182 2653 356 2701 eosdem,
389 2664 463 2692 s'r:
495 2665 561 2692 eos
589 2652 667 2699 illi,
702 2668 731 2692 ω
762 2654 842 2705 (cp.
868 2667 947 2705 pro
974 2653 1122 2694 Rabir.
1153 2655 1272 2694 Post.
1298 2657 1420 2706 §36).
1481 2659 1546 2697 ⁶24.
1581 2671 1674 2698 cum

181 2717 349 2758 huiusce
363 2717 553 2768 periculo
573 2723 815 2766 ceterorum,
838 2729 898 2758 S'r.
