1858 2956
568 135 698 185 PRO
732 135 797 184 A.
841 135 919 184 GL
932 134 1198 184 UENTIO.
1565 131 1625 182 97

135 278 263 322 esset
297 273 348 320 in
386 270 588 320 aedibus
624 269 905 327 armarium,
945 268 996 316 in
1034 285 1132 332 quo
1169 267 1316 316 sciret
1353 283 1456 315 esse
1494 283 1627 314 num-

134 371 326 403 morum
367 353 676 416 aliquantum
723 356 774 399 et
820 350 939 408 auri,
991 356 1142 397 noctu
1194 349 1317 398 duos
1370 364 1629 396 conservos

133 435 434 483 dormientes
493 431 670 481 occidit
729 431 781 479 in
839 431 1179 494 piscinamque
1249 428 1458 478 deiecit:
1525 429 1630 492 ipse

131 515 330 563 armarii
378 513 590 562 fundum
638 512 871 571 exsecuit,
916 517 966 560 et
1009 511 1144 559 HS*
1181 516 1232 559 et
1268 511 1374 561 auri
1411 510 1630 574 quinque

87 609 109 652 5
132 595 296 659 pondo
355 593 572 653 abstulit,
623 609 724 641 uno
783 609 846 641 ex
897 592 1049 640 servis
1101 608 1255 655 puero
1302 607 1402 639 non
1454 590 1631 654 grandi

132 677 338 725 conscio.
435 675 591 723 Furto
649 673 890 738 postridie
949 672 1148 737 cognito
1206 672 1366 721 omnis
1419 671 1631 736 suspicio
1655 669 1754 721 180

132 756 183 804 in
220 773 303 804 eos
341 772 507 804 servos
549 754 634 818 qui
675 771 777 803 non
819 754 1172 818 comparebant
1211 753 1629 802 commovebatur.

133 837 258 886 Cum
317 837 533 885 exsectio
591 835 678 883 illa
734 835 878 883 fundi
941 835 993 883 in
1057 834 1268 884 armario
1326 833 1633 883 animadver-

131 924 332 976 teretur,
392 917 698 982 quaerebant
755 916 980 965 homines
1039 933 1256 980 quonam
1314 916 1463 965 modo
1527 916 1633 964 fieri

61 1018 110 1048 10
130 999 384 1063 potuisset.
460 998 673 1059 Quidam
710 1015 773 1047 ex
809 998 978 1046 amicis
1015 997 1206 1046 Sassiae
1242 996 1528 1046 recordatus
1558 1003 1634 1046 est

131 1096 182 1129 se
209 1096 366 1143 nuper
390 1080 443 1128 in
468 1079 698 1128 auctione
722 1079 938 1143 quadam
967 1079 1150 1127 vidisse
1173 1079 1226 1127 in
1249 1079 1397 1127 rebus
1426 1078 1633 1126 minutis

131 1160 374 1209 aduncam
432 1177 495 1209 ex
552 1160 686 1209 omni
744 1166 885 1224 parte
944 1160 1202 1208 dentatam
1261 1166 1311 1208 et
1358 1165 1634 1208 tortuosam

130 1242 300 1291 venire
338 1241 590 1302 serrulam,
630 1258 727 1305 qua
764 1240 890 1289 illud
927 1241 1146 1305 potuisse
1186 1241 1257 1289 ita
1295 1240 1633 1289 circumsecari

131 1322 396 1373 videretur.
493 1322 571 1371 Ne
628 1322 799 1383 multa,
850 1322 1155 1386 perquiritur
1211 1339 1240 1370 a
1298 1321 1632 1370 coactoribus:

61 1421 106 1464 15
130 1403 384 1452 invenitur
419 1420 476 1452 ea
511 1403 699 1452 serrula
734 1403 798 1452 ad
835 1402 1120 1452 Stratonem
1156 1403 1448 1467 pervenisse.
1524 1401 1634 1450 Hoc

129 1484 274 1533 initio
311 1484 601 1548 suspicionis
637 1490 746 1533 orto
776 1490 827 1533 et
856 1490 1024 1548 aperte
1059 1483 1346 1532 insimulato
1385 1483 1630 1544 Stratone,

129 1582 253 1630 puer
292 1565 375 1613 ille
417 1565 642 1614 conscius
679 1565 939 1629 pertimuit
955 1585 970 1627 3
1019 1582 1124 1614 rem
1166 1582 1363 1614 omnem
1405 1564 1634 1613 dominae

130 1646 370 1695 indicavit
387 1664 401 1707 3
436 1646 661 1695 homines
685 1647 738 1694 in
762 1646 954 1710 piscina
977 1647 1172 1695 inventi
1201 1652 1319 1694 sunt
1336 1664 1350 1707 3
1387 1646 1557 1695 Strato
1581 1645 1634 1694 in

132 1727 326 1776 vincula
366 1728 616 1776 coniectus
658 1734 746 1786 est,
792 1733 941 1791 atque
982 1727 1134 1775 etiam
1181 1728 1234 1775 in
1277 1728 1483 1775 taberna
1529 1727 1634 1775 eius

55 1828 108 1857 20
129 1809 332 1868 nummi,
377 1825 688 1873 nequaquam
730 1825 913 1869 omnes,
958 1809 1288 1872 reperiuntur.
1365 1807 1634 1857 Constitui·
1658 1806 1755 1858 181

131 1896 214 1939 tur
237 1890 463 1954 quaestio
493 1890 555 1939 de
585 1891 718 1939 furto
736 1908 750 1951 3
787 1907 901 1939 nam
938 1889 1060 1953 quid
1096 1889 1359 1953 quisquam
1395 1888 1635 1952 suspicari

130 1970 263 2019 aliud
321 1972 525 2034 potest'l
615 1970 698 2019 An
757 1971 850 2019 hoc
907 1970 1088 2031 dicitis,
1138 1970 1351 2019 armario
1398 1968 1631 2033 expilato,

129 2051 337 2115 pecunia
372 2051 549 2111 ablata,
590 2068 689 2100 non
727 2052 864 2100 omni
900 2052 1185 2115 reciperata,
1219 2047 1390 2100 occisis
1425 2049 1635 2099 homini-

129 2131 237 2190 bus,
262 2131 548 2180 institutam
574 2148 677 2181 6886
703 2133 1048 2196 quaestionem
1073 2132 1135 2180 de
1161 2137 1320 2180 morte
1346 2129 1635 2195 Oppianici‘l

55 2229 106 2273 25
131 2212 223 2261 Cui
281 2212 540 2276 probatis?
598 2212 720 2277 quid
778 2219 854 2262 est
913 2213 1048 2277 quod
1107 2213 1272 2261 minus
1319 2212 1424 2260 veri
1473 2210 1633 2260 simile

128 2293 348 2358 proferre
405 2294 673 2357 potuistis2
777 2294 988 2355 Deinde,
1050 2299 1108 2343 ut
1166 2294 1396 2343 omittam
1454 2298 1630 2353 cetera,

130 2375 344 2424 triennio
369 2381 483 2439 post
507 2382 718 2425 mortem
745 2376 1007 2441 Oppianici
1033 2376 1094 2425 de
1121 2376 1226 2425 eius
1251 2380 1410 2423 morte
1435 2391 1634 2439 quaere-

130 2457 312 2506 batur?
381 2458 550 2521 Atque
599 2458 750 2507 etiam
795 2458 998 2507 incensa
1043 2457 1158 2507 odio
1205 2457 1418 2521 pristino
1464 2456 1634 2505 Nicos-

129 2544 316 2588 tratum
354 2538 566 2587 eundem
602 2538 742 2588 illum
771 2545 877 2588 tum
910 2539 1017 2588 sine
1042 2556 1187 2588 causa
1211 2539 1264 2587 in
1291 2537 1632 2602 quaestionem

430 2727 494 2768 26.
513 2728 726 2779 potuistis,
751 2727 895 2768 codd.:
919 2729 1107 2780 possitis,
1133 2729 1328 2783 Madvig.

865 2793 893 2824 G
