1820 2956
566 86 696 136 PRO
733 87 796 136 A.
839 87 916 135 CL
930 87 1198 136 UJssN'l'JO.
1565 89 1627 136 33

125 228 284 271 morte
358 221 657 271 Scamander
724 222 1118 285 consequebatur
1139 224 1181 270 ’θ’
1291 221 1472 280 ‘Nihil‚
1541 221 1626 270 sed

124 303 417 352 administer
464 309 570 352 erat
618 303 909 367 Oppianici.'
1002 303 1093 351 ‘Et
1155 302 1521 351 condemnastis
1569 303 1622 352 O.

123 384 433 433 Fabricium:
473 384 594 448 quid
631 384 763 433 ita‘t’
852 383 1018 445 ‘Quia‚
1061 401 1169 432 cum
1213 384 1317 447 ipse
1353 384 1625 433 familiaris-

123 465 244 514 sime
274 465 547 529 Oppianico
583 482 713 525 usus,
742 465 950 514 libertus
986 471 1153 514 autem
1179 466 1283 514 eius
1307 465 1359 514 in
1384 465 1625 514 maleficio

75 563 97 608 5
123 546 456 611 deprehensus
482 552 621 607 esset,
651 547 792 595 illum
829 552 1085 610 expertem
1116 547 1219 595 eius
1246 546 1438 595 consilii
1474 547 1625 596 fuisse

123 644 221 677 non
259 628 591 692 probabatur.'
689 627 742 677 Si
780 628 933 692 igitur
971 628 1134 691 ipsum
1178 628 1506 692 Oppianicum
1549 628 1624 676 bis

123 710 223 757 suis
259 709 452 758 iudiciis
490 709 872 758 condemnatum
910 709 1248 770 absolvissent,
1285 710 1396 774 quis
1432 714 1624 758 tantam

121 791 487 855 turpitudinem
525 791 834 850 iudiciorum,
863 791 974 855 quis
1009 797 1202 840 tantam
1238 791 1622 840 inconstantiam

120 889 285 922 rerum
328 873 670 933 iudicatarum,
714 874 825 937 quis
866 879 1059 922 tantam
1101 873 1359 922 libidinem
1405 873 1622 922 iudicum

49 977 97 1006 10
119 955 246 1004 ferre
281 955 523 1019 potuisset
543 958 560 1005 ‘l

187 1036 332 1098 Quod
367 1037 407 1085 si
443 1036 536 1085 hoc
572 1036 766 1094 videtis,
795 1036 929 1100 quod
966 1037 1064 1084 iam
1100 1036 1191 1085 hac
1228 1036 1363 1085 omni
1400 1036 1623 1086 oratione
1646 1048 1712 1101 62

118 1117 422 1181 patefactum
464 1124 551 1178 est,
592 1117 678 1167 illo
716 1117 899 1166 iudicio
938 1134 1074 1166 reum
1116 1117 1449 1178 condemnari,
1489 1135 1624 1182 prae-

118 1199 288 1248 sertim
322 1199 385 1248 ab
420 1199 577 1248 isdem
614 1199 858 1248 iudicibus
894 1199 978 1263 qui
1016 1199 1116 1248 duo
1151 1199 1454 1263 praeiudicia
1488 1199 1623 1249 secis-

117 1286 240 1341 sent,
279 1297 476 1330 neccsse
511 1280 675 1340 fuisse,
705 1280 853 1329 simul
891 1280 1015 1329 illud
1048 1280 1262 1329 videatis
1300 1297 1495 1330 necesse
1531 1286 1618 1342 est,

46 1381 91 1426 15
117 1362 307 1410 nullam
340 1362 610 1411 accusatori
640 1379 835 1411 causam
871 1379 974 1411 esse
1005 1362 1226 1426 potuisse
1261 1378 1348 1411 cur
1383 1362 1623 1417 iudicium

117 1444 267 1493 vellet
314 1461 638 1508 corrumpere.
727 1443 922 1493 XXIII.
965 1443 1157 1505 Quaero
1194 1444 1327 1492 enim
1363 1444 1425 1493 de
1461 1450 1525 1504 te,
1564 1444 1617 1493 T.

39 1532 43 1535 “
117 1526 250 1585 Α66ἰ,
292 1526 476 1574 relictis
515 1526 614 1575 iam
656 1526 832 1575 ceteris
871 1525 1174 1591 argumentis
1214 1525 1457 1584 omnibus,
1501 1542 1622 1575 num

115 1607 365 1658 Fabricios
402 1610 599 1672 quoque
634 1609 923 1657 innocentes
962 1607 1315 1656 condemnatos
1351 1607 1618 1666 existimes,

116 1706 236 1738 num
277 1689 428 1738 etiam
471 1689 557 1738 illa
593 1689 776 1738 iudicia
816 1690 1025 1754 pecunia
1063 1693 1295 1752 corrupta
1332 1705 1436 1737 esse
1473 1688 1620 1748 dicas,

41 1793 94 1822 20
116 1771 296 1835 quibus
331 1770 383 1818 in
419 1770 615 1819 iudiciis
652 1770 776 1819 alter
812 1788 840 1819 a
876 1770 1080 1819 Staieno
1117 1769 1220 1818 solo
1251 1769 1505 1818 absolutus
1531 1775 1618 1831 est,

116 1852 240 1901 alter
275 1852 426 1901 etiam
460 1852 565 1916 ipse
601 1869 652 1901 sc
694 1852 1059 1904 condemnavit.
1133 1851 1255 1917 Age,
1292 1851 1333 1899 si
1373 1856 1619 1911 nocentes,

117 1934 253 1983 cuius
294 1933 553 1983 maleficii?
602 1950 723 1982 num
766 1933 887 1997 quid
929 1938 1126 1997 praeter
1166 1948 1414 1981 venenum
1455 1948 1622 1996 quaes-

116 2015 257 2076 itum,
303 2031 402 2079 quo
451 2015 670 2064 Habitus
718 2020 990 2074 necaretur,
1042 2014 1292 2063 obiectum
1340 2015 1451 2062 est?
1502 2029 1622 2062 num

118 2096 238 2161 quid
263 2095 397 2144 aliud
422 2096 471 2145 in
498 2096 596 2145 illis
622 2096 819 2146 iudiciis
855 2101 1110 2145 versatum
1147 2101 1223 2144 est
1257 2100 1455 2159 praeter
1477 2094 1623 2144 hasce

43 2194 93 2238 25
117 2176 321 2226 insidias
361 2177 550 2227 Habito
588 2178 650 2227 ab
688 2177 964 2242 Oppianico
999 2194 1088 2242 per
1123 2176 1406 2226 Fabricium
1439 2177 1625 2225 factas?

118 2257 288 2307 Nihil:
357 2258 497 2320 nihil,
557 2259 776 2324 inquam,
845 2259 996 2318 aliud,
1071 2258 1274 2317 iudices,
1350 2258 1618 2322 reperietis.

118 2338 298 2388 Exstat
345 2340 593 2399 memoria,
644 2346 762 2390 sunt
819 2340 1020 2390 tabulae
1067 2339 1324 2404 publicae:
1383 2339 1623 2405 redargue

173 2500 212 2539 2.
247 2498 317 2549 Et,
343 2511 418 2541 S‘r:
451 2514 534 2542 om.
564 2516 606 2542 ω.
670 2502 732 2543 15.
768 2501 1010 2543 accusatori
1038 2514 1213 2542 causam
1242 2514 1339 2550 esse,
1364 2516 1421 2542 w:
1452 2514 1623 2541 accasa-

119 2563 223 2604 toris
251 2576 334 2604 6686
362 2577 550 2614 caucam,
575 2578 636 2608 ΒΤ.
701 2569 762 2608 16.
797 2568 849 2608 de
877 2573 928 2616 te,
961 2578 1010 2608 s:
1042 2566 1116 2607 abs
1145 2572 1195 2616 ι6,
1225 2582 1268 2606 ω.
1332 2566 1394 2609 17.
1428 2565 1550 2615 Acci,
1575 2577 1624 2607 St

120 2626 232 2677 Atti,
255 2643 300 2668 ω.
350 2629 417 2670 20.
440 2630 589 2681 quibus
610 2633 653 2672 in
672 2631 858 2681 iudiciis,
881 2643 931 2673 εἰ·
949 2630 1022 2672 b2:
1046 2631 1159 2684 quib.
1185 2631 1294 2681 iud„
1319 2645 1363 2670 ω.
1415 2630 1481 2670 25.
1515 2629 1625 2671 Fab-

119 2691 287 2743 ricium,
311 2703 388 2735 ST:
419 2694 650 2744 Fabricios,
677 2711 720 2737 ω.

859 2771 887 2802 0
