1820 2956
148 138 203 190 lii
578 139 707 190 PRO
752 139 817 188 A.
870 138 947 188 GL
960 137 1214 188 UENTIO

663 394 1132 436 BIBLIOGRAPHY.

152 486 255 527 ΤΗΕ
274 486 496 539 following
517 496 728 525 Em'nons
748 485 859 525 have
878 485 986 524 been
1007 483 1233 525 consulted
1251 499 1262 525 z

213 554 340 594 “Pro
370 554 572 595 Cluentio
601 553 768 593 Habito
799 553 860 594 M.
887 552 1021 592 Tullii
1047 552 1268 593 Ciceronis
1301 551 1442 592 oratio
1470 564 1568 591 cum
1597 550 1643 590 F.

154 622 295 674 Sylvii
353 621 558 662 Ambiani
612 620 948 662 Commentariis
997 620 1358 661 luculentissimis
1404 619 1485 661 sub
1531 618 1650 672 prelo

153 691 421 731 Ascensiano
442 690 497 730 ad
517 689 667 731 Nonas
688 688 973 738 Novembres,
999 689 1244 729 MDxxxv.”

211 760 315 799 “M.
357 759 492 799 Tullii
527 759 747 800 Ciceronis
778 758 928 799 Oratio
966 771 1044 811 pro
1083 757 1286 800 Cluentio
1323 757 1503 798 Habito.
1579 755 1649 796 Ad

155 828 284 868 fidem
303 828 500 868 codicum
523 826 874 867 Florentinorum
894 831 940 867 et
966 827 1306 876 Monacensium,
1331 839 1444 867 nunc
1464 825 1651 879 primum

155 897 426 945 collatorum,
458 895 613 936 addita
632 895 816 935 aliorum
838 895 1233 948 manuscriptorum
1253 894 1430 935 aliunde
1449 896 1651 934 notorum

155 968 200 1006 et
230 969 428 1005 veterum
457 965 699 1004 editionum
728 964 956 1014 varietate,
982 963 1202 1004 recensuit
1227 967 1272 1004 et
1295 963 1446 1003 critica
1472 962 1651 1002 adnota-

155 1034 274 1074 tione
293 1033 505 1074 instruxit
525 1034 708 1073 Ioannes
730 1032 929 1074 Classen:
960 1032 1150 1082 Bonnae,
1175 1031 1484 1072 MDcccxxx1.''

214 1103 321 1142 “M.
365 1101 500 1142 Tullii
539 1101 762 1143 Ciceronis
800 1101 941 1153 Opera
981 1100 1101 1149 Quae
1139 1104 1373 1154 supersunt
1419 1099 1563 1140 omnia
1601 1113 1652 1139 ex

156 1171 406 1212 recensione
452 1170 515 1211 Io.
559 1170 684 1223 Casp.
737 1169 902 1210 Orellii.
983 1169 1133 1209 Editio
1190 1169 1329 1209 altera
1385 1168 1654 1209 emendatior

158 1239 338 1290 (Baiter,
362 1238 526 1289 Halm).
589 1238 688 1279 Vol.
715 1239 778 1287 ii.,
804 1238 910 1278 Pars
931 1238 979 1278 i.:
1002 1237 1164 1287 Tur-ici,
1191 1236 1339 1278 1854.”

214 1310 244 1330 “
258 1307 319 1348 M.
345 1307 478 1347 Tullii
499 1306 719 1349 Ciceronis
740 1306 1015 1347 Orationes.”
1072 1306 1199 1347 With
1218 1319 1245 1346 a
1266 1306 1576 1359 Commentary
1594 1305 1653 1358 by

158 1375 324 1429 George
344 1376 479 1428 Long.
540 1374 638 1416 Vol.
664 1375 728 1424 ii.‚
752 1374 949 1424 London,
975 1375 1092 1415 1855.

214 1444 320 1485 “M.
346 1443 481 1484 Tullii
510 1443 728 1485 Ciceronis
760 1442 990 1483 Orationes
1018 1455 1098 1495 pro
1127 1442 1179 1483 A.
1207 1442 1424 1492 Cluentio,
1448 1442 1514 1482 De
1543 1441 1654 1494 Lege

159 1513 342 1568 Agraria
383 1513 503 1563 Tres,
549 1513 635 1553 Pro
678 1513 724 1554 O.
774 1512 969 1562 Rabirio,
1014 1513 1234 1553 recensuit
1275 1512 1322 1553 C.
1371 1512 1418 1553 L.
1467 1512 1648 1565 Kayser.

159 1583 309 1623 Editio
329 1581 604 1634 Stereotypa.
664 1581 850 1634 Lipsiae,
876 1581 1172 1622 MDCCCLX11.''

215 1650 428 1699 “Cicero,
462 1650 546 1690 Pro
575 1649 823 1692 Cluentio.''
896 1649 1023 1690 With
1066 1650 1374 1691 Introduction
1403 1649 1491 1690 and
1517 1649 1656 1691 Notes

158 1718 218 1773 by
250 1718 450 1759 William
489 1718 711 1771 Ramsay:
755 1717 892 1758 Third
933 1717 1140 1759 Edition:
1190 1717 1371 1768 Oxford,
1414 1717 1653 1759 Clarendon

160 1786 300 1836 Press,
323 1797 636 1827 MDcccnxxm.

218 1855 324 1895 “.Μ
350 1854 485 1895 Tullii
514 1854 734 1896 Ciceronis
764 1854 848 1894 Pro
868 1855 920 1894 A.
948 1853 1151 1895 Cluentio
1173 1853 1335 1895 Oratio.
1343 1854 1366 1872 ''
1424 1854 1551 1895 With
1571 1854 1655 1895 Ex-

159 1922 395 1976 planatory
443 1922 528 1962 and
575 1922 758 1963 Critical
806 1921 944 1963 Notes
991 1922 1051 1975 by
1102 1922 1173 1964 W.
1227 1922 1377 2008 Yorke
1425 1923 1655 1964 Faussett:

162 1992 457 2045 Rivingtons.
487 1991 683 2041 London,
708 2003 1069 2033 MDoccnxxxvn.

219 2061 322 2101 “.Μ
354 2061 471 2101 Tulli
498 2059 717 2101 Ciceronis
743 2059 916 2113 Scripta
942 2074 1053 2113 quae
1078 2063 1332 2101 manserunt
1351 2060 1497 2100 omnia
1515 2074 1656 2114 recog·

160 2129 285 2170 novit
300 2129 347 2171 C.
361 2129 407 2169 F.
420 2129 492 2170 W.
513 2128 721 2170 Mueller:
744 2128 915 2169 Partis
905 2128 947 2169 1i.
966 2129 1098 2169 Vol.
1087 2129 1153 2169 1i.:
1175 2129 1362 2182 Lipsiae,
1379 2140 1634 2170 MDCOCXGII.

219 2196 494 2238 Translation
517 2212 527 2238 z
582 2199 609 2218 “
629 2197 722 2237 The
770 2196 935 2250 Speech
983 2197 1028 2237 of
1084 2196 1235 2237 Cicero
1282 2197 1326 2237 in
1381 2197 1568 2238 Defence
1614 2197 1659 2237 of

163 2265 435 2308 Cluentius.'’
492 2264 750 2306 Translated
770 2265 864 2305 into
885 2265 1082 2317 English,
1107 2265 1216 2306 with
1246 2265 1552 2306 Introduction
1572 2265 1659 2306 and

164 2330 314 2380 Notes,
338 2330 398 2383 by
418 2329 488 2371 W.
514 2329 754 2377 Peterson:
783 2329 978 2378 London,
1003 2330 1256 2370 Macmillan
1278 2331 1312 2370 &
1335 2330 1428 2378 Co.,
1455 2331 1570 2371 1895.

665 2453 1024 2491 DISSERTATIONS,
1060 2454 1152 2484 E'ro.

163 2525 404 2577 Niemeyer,
447 2524 578 2565 Ueber
616 2525 698 2565 den
727 2524 900 2565 Prozess
939 2538 1064 2576 yeyen
1092 2524 1149 2565 A.
1190 2524 1408 2566 Cluentius
1442 2524 1657 2565 Habitus:

323 2578 653 2620 Jahresbericht
685 2578 794 2619 iiber
826 2578 897 2619 die
926 2578 1077 2619 Kieler
1106 2578 1504 2628 Gelehrtenschule,
1540 2578 1654 2628 Kiel‚

164 2634 554 2736 DaviesJSCilcero’s
583 2686 748 2740 Speech
778 2686 846 2727 for
873 2687 925 2728 A.
962 2686 1190 2728 Cluentius
1219 2686 1438 2728 Habitus:
1478 2684 1657 2727 Herma-

326 2741 472 2791 thena,
496 2741 595 2781 Vol.
621 2741 682 2791 ii.‚
710 2740 824 2785 1876.
