1820 2956
569 109 696 160 PRO
733 110 797 159 Α.
842 106 1198 158 ULUENTIO,
1568 105 1625 153 41

132 249 287 314 pauci,
329 247 415 296 sed
457 262 626 295 omnes
667 244 794 293 irati.
870 243 945 292 Ut
986 243 1070 306 qui
1110 241 1327 305 accipere
1369 239 1421 287 in
1461 255 1632 302 campo

133 334 434 379 consuerunt
458 328 527 377 eis
552 326 829 376 candidatis
855 341 1067 389 quorum
1093 339 1321 372 nummos
1346 337 1632 386 suppressos

134 428 237 461 esse
284 416 465 475 putant
513 407 839 457 inimicissimi
887 407 1048 455 solent
1087 422 1203 464 esse,
1245 405 1314 453 sic
1356 404 1461 453 eius
1500 402 1631 451 modi

133 493 318 542 iudices
365 491 534 541 infesti
580 497 688 539 tum
736 506 819 539 reo
866 494 1137 549 venerant3
1197 486 1348 536 ceteri
1395 485 1636 534 nocentis-

89 585 112 630 5
135 575 313 624 simum
338 590 442 623 esse
467 571 851 632 arbitrabantur,
874 570 958 619 sed
985 569 1340 633 exspectabant
1365 567 1636 616 sententias

136 672 305 706 eorum
342 671 464 720 quos
500 659 758 717 corruptos
791 669 895 701 esse
931 652 1189 716 putabant,
1230 656 1286 698 ut
1325 666 1387 699 ex
1423 649 1492 697 eis
1529 665 1635 696 con-

137 738 403 786 stituerent
465 753 494 785 a
559 751 658 799 quo
721 733 963 785 iudicium
1022 737 1309 796 corruptum
1367 730 1634 779 videretur.

139 817 381 868 XXVIII.
420 817 543 866 Ecce
585 816 679 865 tibi
720 816 824 864 eius
862 815 1000 864 modi
1041 813 1237 863 sortitio
1279 818 1336 861 ut
1375 812 1428 861 in
1467 811 1641 876 primis

139 900 299 949 Bulbo
358 906 408 949 et
477 898 680 948 Staieno
739 904 790 946 et
848 897 1035 946 Guttae
1097 901 1225 944 esset
1288 893 1640 943 iudicandum!

68 998 116 1028 10
140 982 344 1032 Summa
368 980 589 1030 omnium
626 979 928 1043 exspectatio
966 977 1204 1042 quidnam
1241 976 1516 1026 sententiae
1553 976 1643 1023 fer-

139 1070 251 1113 rent
292 1063 424 1113 leves
467 1079 520 1111 ac
562 1061 827 1110 nummarii
868 1060 1066 1109 iudices.
1147 1061 1316 1123 Atque
1357 1058 1432 1107 illi
1472 1074 1642 1107 omnes

140 1146 245 1195 sine
269 1145 371 1194 ulla
395 1144 709 1193 dubitatione
740 1142 1086 1192 condemnant.
1161 1141 1259 1191 Hic
1291 1147 1399 1190 tum
1432 1141 1642 1189 iniectus
1665 1141 1731 1195 76

142 1233 216 1278 est
247 1226 535 1277 hominibus
570 1224 829 1289 scrupulus
867 1231 916 1273 et
953 1224 1198 1288 quaedam
1227 1223 1474 1272 dubitatio
1506 1221 1645 1286 quid-

141 1326 257 1358 nam
293 1315 421 1358 esset
459 1314 637 1357 actum.
711 1306 906 1356 Deinde
943 1306 1168 1355 homines
1206 1306 1452 1369 sapientes
1494 1310 1545 1353 et
1583 1321 1644 1352 ex

67 1404 118 1453 v15
141 1397 308 1441 vetere
337 1390 423 1439 illa
454 1389 716 1454 disciplina
744 1388 1053 1448 iudiciorum,
1082 1387 1168 1452 qui
1197 1404 1359 1451 neque
1392 1386 1644 1435 absolvere

142 1473 393 1523 hominem
430 1471 837 1521 nocentissimum
870 1475 1088 1534 possent,
1115 1486 1276 1534 neque
1310 1486 1423 1518 eum
1456 1468 1518 1517 de
1547 1485 1645 1532 quo

143 1561 271 1606 esset
328 1560 437 1604 orta
495 1554 708 1618 suspicio
765 1553 974 1616 pecunia
1032 1557 1389 1617 oppugnatum,
1451 1567 1504 1600 re
1562 1549 1646 1598 illa

143 1637 407 1703 incognita,
457 1636 618 1701 primo
677 1634 1004 1684 condemnare
1062 1633 1261 1694 vellent,
1313 1649 1413 1681 non
1459 1632 1646 1696 liquere

144 1720 390 1770 dixerunt.
466 1719 583 1767 Non
607 1717 732 1766 nulli
760 1723 927 1766 autem
958 1716 1117 1765 severi
1149 1714 1530 1778 homines—qui
1554 1714 1646 1763 hoc

70 1825 123 1854 20
145 1807 439 1861 statuerunt,
468 1817 565 1865 quo
604 1799 814 1864 quisque
856 1798 1021 1848 animo
1059 1796 1180 1862 quid
1218 1797 1399 1846 faceret
1438 1796 1646 1860 spectari

145 1882 535 1950 oportere—etsi
571 1881 655 1930 alii
689 1880 899 1946 pecunia
924 1884 1124 1944 accepta
1147 1895 1319 1927 verum
1344 1877 1643 1936 iudicabant,

145 1973 313 2016 tamen
370 1963 528 2013 nihilo
575 1963 740 2011 minus
787 1978 839 2011 se
898 1960 1235 2026 superioribus
1295 1960 1396 2008 suis
1450 1958 1647 2007 iudiciis

146 2054 369 2098 constare
443 2046 689 2110 putabant
747 2050 975 2108 oportere
1003 2062 1016 2104 3
1101 2042 1270 2106 itaque
1330 2041 1643 2090 damnarunt.

147 2130 377 2194 Quinque
419 2127 620 2177 omnino
661 2126 866 2175 fuerunt
907 2125 994 2189 qui
1036 2124 1178 2172 illum
1220 2129 1443 2172 vestrum
1485 2123 1649 2171 innoc-

73 2229 124 2274 25
148 2218 313 2262 entem
372 2209 701 2275 Oppianicum
753 2208 856 2257 sive
914 2205 1252 2270 imprudentia
1310 2206 1413 2254 sive
1464 2204 1650 2254 miseri·

147 2292 314 2342 cordia
347 2292 451 2341 sive
487 2291 652 2355 aliqua
687 2289 964 2354 suspicione
1001 2289 1104 2338 sive
1140 2287 1412 2336 ambitione
1445 2285 1648 2335 adducti

148 2374 479 2424 absolverunt.

202 2511 240 2551 6.
274 2515 492 2560 corruptos
521 2521 616 2557 esse,
652 2519 705 2548 P:
737 2511 969 2558 corruptos,
1004 2521 1045 2545 ω.
1107 2506 1144 2546 8.
1180 2504 1344 2544 sortitio
1366 2503 1461 2554 ficit
1490 2508 1549 2553 ut,
1583 2515 1644 2544 s'r.

152 2580 214 2619 14.
245 2584 399 2626 actum,
432 2589 459 2617 P
487 2577 574 2617 and
604 2593 660 2616 w:
689 2577 875 2628 factum,
910 2586 971 2615 s'r.
1045 2579 1095 2622 et,
1130 2585 1182 2613 P:
1225 2587 1307 2612 om.
1345 2588 1386 2612 ω.
1462 2574 1523 2613 15.
1558 2571 1646 2624 qui,

149 2655 252 2684 PST:
296 2656 378 2682 om.
409 2657 451 2682 ω.
511 2643 575 2683 20.
605 2646 845 2689 statuerent,
877 2639 1073 2691 Madvig.
1138 2638 1218 2690 Qy.
1252 2636 1526 2677 statuerant?
1579 2637 1644 2676 21.

151 2707 388 2748 iudicarent
406 2719 456 2747 or
473 2706 741 2755 iudicassent,
763 2705 951 2745 Ernesti.
