1820 2956
175 133 237 179 42
609 133 740 181 PRO
775 133 840 183 A.
882 134 959 182 CL
974 134 1239 184 UE'NTIO.

84 264 151 318 77
239 265 582 315 Oondemnato
620 266 893 330 Oppianico
929 269 1100 317 statim
1131 267 1186 317 L.
1217 268 1492 329 Quinctius,
1519 269 1668 320 homo

171 347 385 395 maxime
410 348 675 411 popularis,
702 348 789 412 qui
825 365 994 398 omnes
1029 367 1283 399 rumorum
1308 356 1359 399 et
1383 352 1670 401 contionum

170 434 346 477 ventos
387 428 614 493 colligere
657 436 951 490 consuesset,
988 431 1206 481 oblatam
1249 432 1342 481 sibi
1383 432 1670 482 facultatem

170 509 368 573 putavit
391 515 448 558 ut
473 527 535 559 ex
569 511 759 560 invidia
795 512 1043 561 senatoria
1078 519 1245 576 posset
1280 522 1506 575 crescere,
1535 514 1669 578 quod

171 591 275 639 eius
345 591 533 640 ordinis
602 592 783 641 iudicia
851 593 1016 642 minus
1077 593 1176 643 iam
1233 595 1431 658 probari
1489 595 1669 659 populo
1720 607 1744 652 5

170 672 517 723 arbitrabatur.
590 673 820 722 Habetur
850 690 951 723 una
982 680 1131 738 atque
1157 675 1313 724 altera
1336 676 1502 724 contio
1527 676 1669 726 vehe-

169 770 307 802 mens
365 759 415 803 et
472 755 636 819 gravis
665 774 674 804 :
735 755 979 819 accepisse
1038 757 1298 820 pecuniam
1362 757 1549 806 iudices
1613 763 1670 807 ut

168 835 483 884 innocentem
551 853 690 884 reum
760 836 1161 898 condemnarent,
1222 838 1453 887 tribunus
1511 838 1669 902 plebis

168 916 485 978 clamitabat3
544 918 622 983 agi
680 918 906 967 fortunas
966 919 1189 968 omnium
1247 919 1444 969 dicebat
1461 939 1475 981 3
1532 921 1671 970 nulla

168 1015 271 1048 esse
328 999 539 1061 iudicia,
608 1001 694 1064 qui
754 1001 1073 1064 pecuniosum
1131 1001 1390 1051 inimicum
1447 1002 1664 1063 haberet,
1696 1020 1746 1050 10

166 1080 463 1130 incolumem
522 1098 626 1131 esse
674 1082 924 1132 neminem
970 1099 1128 1147 posse.
1224 1083 1466 1133 Homines
1513 1084 1668 1133 totius

165 1161 325 1226 ignari
359 1163 560 1228 negotii,
598 1164 684 1227 qui
722 1163 1053 1228 Oppianicum
1095 1176 1368 1228 numquam
1410 1165 1665 1227 vidissent,

166 1244 330 1293 virum
365 1245 610 1308 optimum
639 1251 690 1294 et
717 1245 972 1295 hominem
1007 1245 1426 1310 pudentissimum
1461 1248 1670 1311 pecunia

165 1342 453 1390 oppressum
489 1343 594 1376 esse
630 1327 1004 1388 arbitrarentur,
1031 1328 1219 1377 incensi
1254 1329 1531 1393 suspicione
1563 1346 1666 1378 rem

163 1407 214 1456 in
254 1407 474 1457 medium
512 1425 686 1458 vocare
722 1414 992 1473 coeperunt
1027 1414 1078 1458 et
1107 1426 1304 1459 causam
1338 1409 1474 1459 illam
1509 1415 1664 1459 totam
1696 1425 1743 1469 15

74 1482 141 1535 78
164 1488 437 1553 deposcere.
533 1491 701 1554 Atque
748 1490 836 1539 illo
881 1491 990 1554 ipso
1049 1496 1271 1555 tempore
1317 1491 1370 1539 in
1417 1491 1562 1541 aedes
1608 1492 1664 1543 T.

162 1570 314 1631 Anni,
342 1571 557 1620 hominis
595 1571 945 1631 honestissimi,
983 1572 1243 1621 necessarii
1283 1578 1334 1622 et
1372 1572 1517 1621 amici
1554 1573 1664 1634 mei,

162 1658 312 1701 noctu
352 1652 582 1702 Staienus
622 1653 884 1702 arcessitus
921 1653 983 1702 ab
1023 1653 1296 1717 Oppianico
1335 1654 1486 1703 venit.
1559 1653 1668 1703 Iam

163 1739 324 1782 cetera
361 1740 481 1783 nota
518 1739 637 1783 sunt
674 1734 936 1783 omnibus:
987 1740 1044 1783 ut
1081 1752 1192 1784 cum
1230 1734 1316 1784 illo
1365 1735 1666 1799 Oppianicus

163 1815 318 1879 egerit
354 1814 415 1864 de
451 1815 674 1879 pecunia,
701 1821 759 1864 ut
783 1815 868 1865 ille
892 1833 943 1864 se
968 1815 1283 1865 redditurum
1321 1833 1425 1866 esse
1462 1817 1661 1876 dixerit,
1689 1833 1742 1863 20

162 1903 219 1944 ut
261 1913 372 1945 eum
414 1914 691 1946 sermonem
732 1897 984 1946 audierint
1025 1914 1224 1947 omnem
1271 1898 1366 1946 viri
1414 1898 1532 1947 boni
1579 1899 1664 1963 qui

162 1983 271 2025 tum
296 1978 519 2027 consulto
544 1984 748 2043 propter
771 1978 825 2026 in
849 1978 1040 2028 occulto
1067 1979 1337 2040 stetissent,
1359 1984 1418 2028 ut
1436 1996 1514 2028 res
1532 1986 1666 2044 pate-

160 2058 291 2107 facta
328 2064 378 2108 et
415 2060 467 2108 in
505 2060 669 2108 forum
703 2059 898 2123 prolata
933 2066 983 2108 et
1018 2060 1229 2123 pecunia
1264 2060 1424 2109 omnis
1461 2061 1663 2111 Staieno

161 2145 358 2189 extorta
416 2147 563 2205 atque
611 2147 782 2205 erepta
832 2142 908 2190 sit.
1007 2141 1198 2191 XXIX.
1260 2142 1426 2191 Huius
1474 2142 1662 2192 Staieni

160 2238 369 2286 persona
409 2222 592 2286 populo
634 2222 733 2271 iam
774 2228 894 2271 nota
936 2228 1084 2287 atque
1126 2229 1383 2287 perspecta
1423 2224 1485 2273 ab
1525 2223 1663 2273 nulla
1685 2236 1736 2280 25

159 2299 293 2363 turpi
341 2300 617 2363 suspicione
675 2300 984 2350 abhorrebat.
1081 2299 1404 2364 Suppressam
1451 2318 1555 2350 esse
1601 2302 1662 2351 ab

159 2396 217 2429 eo
255 2380 516 2444 pecuniam
554 2397 704 2444 quam
741 2398 832 2445 pro
873 2398 956 2430 reo
994 2382 1378 2445 pronuntiasset,
1407 2383 1492 2447 qui
1521 2394 1662 2432 erant

212 2543 250 2583 9.
288 2542 550 2591 clamitabat,
590 2558 644 2582 w:
690 2542 915 2592 clamabat,
952 2553 992 2583 P.
1067 2544 1129 2584 10.
1169 2556 1252 2583 esse
1286 2543 1463 2592 iudicia,
1496 2555 1658 2585 PFMW:

157 2605 321 2646 iudicia
355 2619 450 2655 esse,
484 2618 545 2646 s'r.
620 2608 681 2646 14.
725 2619 821 2655 esse,
858 2618 912 2647 P:
957 2620 1039 2647 om.
1080 2622 1121 2647 ω.
1196 2609 1261 2647 21.
1305 2621 1400 2648 cum
1432 2621 1661 2649 sermonem

157 2671 375 2711 audierint
407 2684 584 2720 omnem,
616 2683 670 2712 P:
715 2684 861 2712 eorum
888 2685 1119 2712 sermonem
1151 2685 1313 2712 omnem
1347 2673 1578 2722 audierim,
1612 2689 1654 2713 ω.

156 2736 222 2776 23.
256 2735 442 2784 Staieno,
466 2747 519 2776 P:
549 2749 579 2776 α
598 2735 782 2786 Staieno,
807 2751 849 2776 ω.
910 2737 975 2777 25.
1011 2736 1078 2786 ab,
1102 2748 1128 2776 P
1148 2737 1236 2776 and
1257 2753 1313 2777 w:
1345 2751 1427 2777 om.
1453 2749 1514 2778 ST.
