<?xml version="1.0" encoding="UTF-8"?>
<!DOCTYPE html PUBLIC "-//W3C//DTD XHTML 1.0 Transitional//EN"
    "http://www.w3.org/TR/xhtml1/DTD/xhtml1-transitional.dtd">
<html xmlns="http://www.w3.org/1999/xhtml" xml:lang="en" lang="en">
 <head>
  <title>
</title>
<meta http-equiv="Content-Type" content="text/html;charset=utf-8" />
  <meta name='ocr-system' content='tesseract 3.04.00' />
  <meta name='ocr-capabilities' content='ocr_page ocr_carea ocr_par ocr_line ocrx_word'/>
</head>
<body>
  <div class='ocr_page' id='page_1' title='image "./proacluentioorat00ciceuoft/proacluentioorat00ciceuoft_0104.png"; bbox 0 0 1820 2956; ppageno 0'>
   <div class='ocr_carea' id='block_1_1' title="bbox 159 141 1219 192">
    <p class='ocr_par' dir='ltr' id='par_1_1' title="bbox 159 141 1219 192">
     <span class='ocr_line' id='line_1_1' title="bbox 159 141 1219 192; baseline 0.004 -5"><span class='ocrx_word' id='word_1_1' title='bbox 159 141 220 188; x_wconf 81' lang='lat'>44</span> <span class='ocrx_word' id='word_1_2' title='bbox 434 173 440 180; x_wconf 87' lang='lat'><strong>·</strong></span> <span class='ocrx_word' id='word_1_3' title='bbox 592 142 722 190; x_wconf 78' lang='lat' dir='ltr'>PRO</span> <span class='ocrx_word' id='word_1_4' title='bbox 758 142 821 190; x_wconf 89' lang='grc' dir='ltr'>Α.</span> <span class='ocrx_word' id='word_1_5' title='bbox 864 143 940 191; x_wconf 77' lang='lat' dir='ltr'>CL</span> <span class='ocrx_word' id='word_1_6' title='bbox 952 142 1219 192; x_wconf 76' lang='lat' dir='ltr'><em>UENTJO.</em></span> 
     </span>
    </p>
   </div>
   <div class='ocr_carea' id='block_1_2' title="bbox 151 274 1655 1316">
    <p class='ocr_par' dir='ltr' id='par_1_2' title="bbox 151 274 1655 1316">
     <span class='ocr_line' id='line_1_2' title="bbox 156 274 1651 338; baseline 0.003 -16"><span class='ocrx_word' id='word_1_7' title='bbox 156 274 332 338; x_wconf 87' lang='lat' dir='ltr'>Itaque</span> <span class='ocrx_word' id='word_1_8' title='bbox 379 292 509 324; x_wconf 89' lang='lat' dir='ltr'>nunc</span> <span class='ocrx_word' id='word_1_9' title='bbox 556 292 705 338; x_wconf 91' lang='lat' dir='ltr'>quem</span> <span class='ocrx_word' id='word_1_10' title='bbox 751 276 814 325; x_wconf 90' lang='lat' dir='ltr'>ad</span> <span class='ocrx_word' id='word_1_11' title='bbox 861 276 1062 324; x_wconf 91' lang='lat' dir='ltr'>modum</span> <span class='ocrx_word' id='word_1_12' title='bbox 1109 276 1283 325; x_wconf 89' lang='lat' dir='ltr'>audiar</span> <span class='ocrx_word' id='word_1_13' title='bbox 1327 278 1501 338; x_wconf 91' lang='lat' dir='ltr'>sentio,</span> <span class='ocrx_word' id='word_1_14' title='bbox 1551 294 1651 326; x_wconf 91' lang='lat' dir='ltr'>non</span> 
     </span>
     <span class='ocr_line' id='line_1_3' title="bbox 155 356 1651 422; baseline 0.001 -18"><span class='ocrx_word' id='word_1_15' title='bbox 155 356 302 404; x_wconf 87' lang='lat' dir='ltr'>modo</span> <span class='ocrx_word' id='word_1_16' title='bbox 343 357 404 405; x_wconf 90' lang='lat' dir='ltr'>ab</span> <span class='ocrx_word' id='word_1_17' title='bbox 446 357 515 405; x_wconf 94' lang='lat' dir='ltr'>eis</span> <span class='ocrx_word' id='word_1_18' title='bbox 557 373 767 420; x_wconf 89' lang='lat' dir='ltr'>quorum</span> <span class='ocrx_word' id='word_1_19' title='bbox 808 357 1045 406; x_wconf 88' lang='lat' dir='ltr'>iudicium</span> <span class='ocrx_word' id='word_1_20' title='bbox 1086 374 1140 406; x_wconf 91' lang='lat' dir='ltr'>ac</span> <span class='ocrx_word' id='word_1_21' title='bbox 1180 364 1400 422; x_wconf 85' lang='lat' dir='ltr'>potestas</span> <span class='ocrx_word' id='word_1_22' title='bbox 1438 363 1527 418; x_wconf 90' lang='lat' dir='ltr'>est,</span> <span class='ocrx_word' id='word_1_23' title='bbox 1565 358 1651 406; x_wconf 90' lang='lat' dir='ltr'>sed</span> 
     </span>
     <span class='ocr_line' id='line_1_4' title="bbox 155 437 1652 501; baseline 0.001 -15"><span class='ocrx_word' id='word_1_24' title='bbox 155 437 305 486; x_wconf 89' lang='lat' dir='ltr'>etiam</span> <span class='ocrx_word' id='word_1_25' title='bbox 352 438 412 486; x_wconf 93' lang='lat' dir='ltr'>ab</span> <span class='ocrx_word' id='word_1_26' title='bbox 458 437 555 486; x_wconf 91' lang='lat' dir='ltr'>illis</span> <span class='ocrx_word' id='word_1_27' title='bbox 597 454 807 501; x_wconf 90' lang='lat' dir='ltr'>quorum</span> <span class='ocrx_word' id='word_1_28' title='bbox 855 445 1051 487; x_wconf 85' lang='lat' dir='ltr'>tantum</span> <span class='ocrx_word' id='word_1_29' title='bbox 1094 446 1169 488; x_wconf 86' lang='lat' dir='ltr'>est</span> <span class='ocrx_word' id='word_1_30' title='bbox 1216 439 1518 487; x_wconf 75' lang='lat' dir='ltr'>existimatio</span> <span class='ocrx_word' id='word_1_31' title='bbox 1535 458 1548 500; x_wconf 99' lang='lat'>3</span> <span class='ocrx_word' id='word_1_32' title='bbox 1600 446 1652 487; x_wconf 88' lang='lat' dir='ltr'>at</span> 
     </span>
     <span class='ocr_line' id='line_1_5' title="bbox 156 516 1648 584; baseline 0.001 -18"><span class='ocrx_word' id='word_1_33' title='bbox 156 523 262 567; x_wconf 87' lang='lat' dir='ltr'>tum</span> <span class='ocrx_word' id='word_1_34' title='bbox 287 519 327 567; x_wconf 92' lang='lat' dir='ltr'>si</span> <span class='ocrx_word' id='word_1_35' title='bbox 352 518 580 579; x_wconf 83' lang='lat' dir='ltr'>dicerem,</span> <span class='ocrx_word' id='word_1_36' title='bbox 609 536 707 568; x_wconf 90' lang='lat' dir='ltr'>non</span> <span class='ocrx_word' id='word_1_37' title='bbox 734 519 944 580; x_wconf 87' lang='lat' dir='ltr'>audirer,</span> <span class='ocrx_word' id='word_1_38' title='bbox 973 537 1074 568; x_wconf 91' lang='lat' dir='ltr'>non</span> <span class='ocrx_word' id='word_1_39' title='bbox 1106 520 1241 584; x_wconf 92' lang='lat' dir='ltr'>quod</span> <span class='ocrx_word' id='word_1_40' title='bbox 1270 516 1366 568; x_wconf 82' lang='lat' dir='ltr'>alia</span> <span class='ocrx_word' id='word_1_41' title='bbox 1398 537 1475 569; x_wconf 92' lang='lat' dir='ltr'>res</span> <span class='ocrx_word' id='word_1_42' title='bbox 1508 526 1648 578; x_wconf 86' lang='lat' dir='ltr'>esset,</span> 
     </span>
     <span class='ocr_line' id='line_1_6' title="bbox 154 599 1652 665; baseline 0.001 -17"><span class='ocrx_word' id='word_1_43' title='bbox 154 599 305 648; x_wconf 92' lang='lat' dir='ltr'>immo</span> <span class='ocrx_word' id='word_1_44' title='bbox 344 600 528 662; x_wconf 91' lang='lat' dir='ltr'>eadem,</span> <span class='ocrx_word' id='word_1_45' title='bbox 562 600 647 649; x_wconf 89' lang='lat' dir='ltr'>sed</span> <span class='ocrx_word' id='word_1_46' title='bbox 680 607 878 665; x_wconf 89' lang='lat' dir='ltr'>tempus</span> <span class='ocrx_word' id='word_1_47' title='bbox 910 601 1056 650; x_wconf 89' lang='lat' dir='ltr'>aliud.</span> <span class='ocrx_word' id='word_1_48' title='bbox 1133 601 1293 649; x_wconf 91' lang='lat' dir='ltr'>XXX.</span> <span class='ocrx_word' id='word_1_49' title='bbox 1336 601 1397 650; x_wconf 94' lang='lat' dir='ltr'>Id</span> <span class='ocrx_word' id='word_1_50' title='bbox 1429 601 1552 650; x_wconf 87' lang='lat' dir='ltr'>adeo</span> <span class='ocrx_word' id='word_1_51' title='bbox 1584 602 1652 650; x_wconf 89' lang='lat' dir='ltr'>sic</span> 
     </span>
     <span class='ocr_line' id='line_1_7' title="bbox 154 682 1652 746; baseline 0 -16"><span class='ocrx_word' id='word_1_52' title='bbox 154 682 445 746; x_wconf 84' lang='lat' dir='ltr'>cognoscite.</span> <span class='ocrx_word' id='word_1_53' title='bbox 554 682 676 743; x_wconf 76' lang='lat' dir='ltr'>Quis</span> <span class='ocrx_word' id='word_1_54' title='bbox 738 688 846 731; x_wconf 90' lang='lat' dir='ltr'>tum</span> <span class='ocrx_word' id='word_1_55' title='bbox 905 682 1110 732; x_wconf 84' lang='lat' dir='ltr'>auderet</span> <span class='ocrx_word' id='word_1_56' title='bbox 1169 683 1330 731; x_wconf 86' lang='lat' dir='ltr'>dicere</span> <span class='ocrx_word' id='word_1_57' title='bbox 1389 689 1652 732; x_wconf 88' lang='lat' dir='ltr'>nocentem</span> 
     </span>
     <span class='ocr_line' id='line_1_8' title="bbox 154 763 1654 829; baseline 0.001 -17"><span class='ocrx_word' id='word_1_58' title='bbox 154 763 538 812; x_wconf 87' lang='lat' dir='ltr'>condemnatum</span> <span class='ocrx_word' id='word_1_59' title='bbox 586 780 689 812; x_wconf 87' lang='lat' dir='ltr'>esse</span> <span class='ocrx_word' id='word_1_60' title='bbox 738 764 1100 828; x_wconf 65' lang='lat' dir='ltr'>Oppianicum?</span> <span class='ocrx_word' id='word_1_61' title='bbox 1161 765 1272 829; x_wconf 92' lang='lat' dir='ltr'>quis</span> <span class='ocrx_word' id='word_1_62' title='bbox 1319 781 1451 813; x_wconf 91' lang='lat' dir='ltr'>nunc</span> <span class='ocrx_word' id='word_1_63' title='bbox 1503 764 1654 813; x_wconf 89' lang='lat' dir='ltr'>audet</span> 
     </span>
     <span class='ocr_line' id='line_1_9' title="bbox 153 844 1652 910; baseline 0.002 -18"><span class='ocrx_word' id='word_1_64' title='bbox 153 847 372 910; x_wconf 69' lang='lat' dir='ltr'>negare?</span> <span class='ocrx_word' id='word_1_65' title='bbox 463 844 587 906; x_wconf 75' lang='lat' dir='ltr'>Quis</span> <span class='ocrx_word' id='word_1_66' title='bbox 635 850 743 893; x_wconf 88' lang='lat' dir='ltr'>tum</span> <span class='ocrx_word' id='word_1_67' title='bbox 790 851 957 909; x_wconf 90' lang='lat' dir='ltr'>posset</span> <span class='ocrx_word' id='word_1_68' title='bbox 1014 863 1218 910; x_wconf 81' lang='lat' dir='ltr'>arguere</span> <span class='ocrx_word' id='word_1_69' title='bbox 1266 846 1329 895; x_wconf 93' lang='lat' dir='ltr'>ab</span> <span class='ocrx_word' id='word_1_70' title='bbox 1377 846 1652 910; x_wconf 88' lang='lat' dir='ltr'>Oppianico</span> 
     </span>
     <span class='ocr_line' id='line_1_10' title="bbox 155 927 1653 991; baseline 0.001 -16"><span class='ocrx_word' id='word_1_71' title='bbox 155 931 456 989; x_wconf 86' lang='lat' dir='ltr'>temptatum</span> <span class='ocrx_word' id='word_1_72' title='bbox 514 943 618 975; x_wconf 90' lang='lat' dir='ltr'>esse</span> <span class='ocrx_word' id='word_1_73' title='bbox 677 927 916 975; x_wconf 90' lang='lat' dir='ltr'>iudicium</span> <span class='ocrx_word' id='word_1_74' title='bbox 974 928 1214 991; x_wconf 71' lang='lat' dir='ltr'>pecunia‘l</span> <span class='ocrx_word' id='word_1_75' title='bbox 1282 928 1393 991; x_wconf 89' lang='lat' dir='ltr'>quis</span> <span class='ocrx_word' id='word_1_76' title='bbox 1450 928 1504 976; x_wconf 92' lang='lat' dir='ltr'>id</span> <span class='ocrx_word' id='word_1_77' title='bbox 1561 927 1653 976; x_wconf 90' lang='lat' dir='ltr'>hoc</span> 
     </span>
     <span class='ocr_line' id='line_1_11' title="bbox 154 1007 1653 1071; baseline 0.002 -16"><span class='ocrx_word' id='word_1_78' title='bbox 154 1014 376 1071; x_wconf 85' lang='lat' dir='ltr'>tempore</span> <span class='ocrx_word' id='word_1_79' title='bbox 422 1007 626 1056; x_wconf 87' lang='lat' dir='ltr'>infitiari</span> <span class='ocrx_word' id='word_1_80' title='bbox 671 1012 871 1071; x_wconf 77' lang='lat' dir='ltr'>potest?</span> <span class='ocrx_word' id='word_1_81' title='bbox 964 1008 1059 1058; x_wconf 83' lang='lat' dir='ltr'>Cui</span> <span class='ocrx_word' id='word_1_82' title='bbox 1106 1015 1213 1057; x_wconf 92' lang='lat' dir='ltr'>tum</span> <span class='ocrx_word' id='word_1_83' title='bbox 1261 1009 1432 1058; x_wconf 87' lang='lat' dir='ltr'>liceret</span> <span class='ocrx_word' id='word_1_84' title='bbox 1478 1008 1653 1058; x_wconf 90' lang='lat' dir='ltr'>docere</span> 
     </span>
     <span class='ocr_line' id='line_1_12' title="bbox 155 1089 1653 1154; baseline 0.001 -17"><span class='ocrx_word' id='word_1_85' title='bbox 155 1089 484 1153; x_wconf 88' lang='lat' dir='ltr'>Oppianicum</span> <span class='ocrx_word' id='word_1_86' title='bbox 532 1106 671 1138; x_wconf 88' lang='lat' dir='ltr'>reum</span> <span class='ocrx_word' id='word_1_87' title='bbox 718 1090 905 1138; x_wconf 87' lang='lat' dir='ltr'>factum</span> <span class='ocrx_word' id='word_1_88' title='bbox 952 1107 1056 1139; x_wconf 89' lang='lat' dir='ltr'>esse</span> <span class='ocrx_word' id='word_1_89' title='bbox 1103 1096 1213 1139; x_wconf 91' lang='lat' dir='ltr'>tum</span> <span class='ocrx_word' id='word_1_90' title='bbox 1271 1090 1484 1154; x_wconf 87' lang='lat' dir='ltr'>denique</span> <span class='ocrx_word' id='word_1_91' title='bbox 1542 1108 1653 1140; x_wconf 88' lang='lat' dir='ltr'>cum</span> 
     </span>
     <span class='ocr_line' id='line_1_13' title="bbox 153 1169 1655 1235; baseline 0.001 -16"><span class='ocrx_word' id='word_1_92' title='bbox 153 1169 347 1219; x_wconf 91' lang='lat' dir='ltr'>duobus</span> <span class='ocrx_word' id='word_1_93' title='bbox 404 1171 645 1234; x_wconf 82' lang='lat' dir='ltr'>proximis</span> <span class='ocrx_word' id='word_1_94' title='bbox 704 1171 1018 1235; x_wconf 88' lang='lat' dir='ltr'>praeiudiciis</span> <span class='ocrx_word' id='word_1_95' title='bbox 1076 1171 1433 1221; x_wconf 90' lang='lat' dir='ltr'>condemnatus</span> <span class='ocrx_word' id='word_1_96' title='bbox 1492 1175 1655 1221; x_wconf 75' lang='lat' dir='ltr'>esset‘l</span> 
     </span>
     <span class='ocr_line' id='line_1_14' title="bbox 151 1251 1653 1316; baseline 0.003 -17"><span class='ocrx_word' id='word_1_97' title='bbox 151 1251 261 1315; x_wconf 87' lang='lat' dir='ltr'>quis</span> <span class='ocrx_word' id='word_1_98' title='bbox 308 1256 382 1300; x_wconf 89' lang='lat' dir='ltr'>est</span> <span class='ocrx_word' id='word_1_99' title='bbox 429 1252 514 1315; x_wconf 92' lang='lat' dir='ltr'>qui</span> <span class='ocrx_word' id='word_1_100' title='bbox 560 1251 613 1303; x_wconf 93' lang='lat' dir='ltr'>id</span> <span class='ocrx_word' id='word_1_101' title='bbox 672 1251 764 1301; x_wconf 92' lang='lat' dir='ltr'>hoc</span> <span class='ocrx_word' id='word_1_102' title='bbox 822 1259 1044 1316; x_wconf 85' lang='lat' dir='ltr'>tempore</span> <span class='ocrx_word' id='word_1_103' title='bbox 1103 1253 1354 1303; x_wconf 89' lang='lat' dir='ltr'>infirmare</span> <span class='ocrx_word' id='word_1_104' title='bbox 1413 1256 1653 1303; x_wconf 69' lang='lat' dir='ltr'>conetur?</span> 
     </span>
    </p>
   </div>
   <div class='ocr_carea' id='block_1_3' title="bbox 62 1332 1652 1400">
    <p class='ocr_par' dir='ltr' id='par_1_3' title="bbox 62 1332 1652 1400">
     <span class='ocr_line' id='line_1_15' title="bbox 62 1332 1652 1400; baseline 0.002 -19"><span class='ocrx_word' id='word_1_105' title='bbox 62 1340 126 1393; x_wconf 87' lang='lat'>81</span> <span class='ocrx_word' id='word_1_106' title='bbox 151 1332 261 1394; x_wconf 77' lang='lat' dir='ltr'>Qua</span> <span class='ocrx_word' id='word_1_107' title='bbox 294 1349 347 1382; x_wconf 92' lang='lat' dir='ltr'>re</span> <span class='ocrx_word' id='word_1_108' title='bbox 383 1333 574 1382; x_wconf 84' lang='lat' dir='ltr'>invidia</span> <span class='ocrx_word' id='word_1_109' title='bbox 611 1338 814 1392; x_wconf 86' lang='lat' dir='ltr'>remota,</span> <span class='ocrx_word' id='word_1_110' title='bbox 858 1351 1007 1399; x_wconf 89' lang='lat' dir='ltr'>quam</span> <span class='ocrx_word' id='word_1_111' title='bbox 1048 1334 1152 1384; x_wconf 90' lang='lat' dir='ltr'>dies</span> <span class='ocrx_word' id='word_1_112' title='bbox 1195 1335 1458 1400; x_wconf 83' lang='lat' dir='ltr'>mitigavit,</span> <span class='ocrx_word' id='word_1_113' title='bbox 1494 1336 1652 1384; x_wconf 87' lang='lat' dir='ltr'>oratio</span> 
     </span>
    </p>
   </div>
   <div class='ocr_carea' id='block_1_4' title="bbox 145 1414 1653 2537">
    <p class='ocr_par' dir='ltr' id='par_1_4' title="bbox 145 1414 1653 2537">
     <span class='ocr_line' id='line_1_16' title="bbox 150 1414 1653 1481; baseline 0.003 -19"><span class='ocrx_word' id='word_1_114' title='bbox 150 1431 260 1463; x_wconf 88' lang='lat' dir='ltr'>mea</span> <span class='ocrx_word' id='word_1_115' title='bbox 305 1414 567 1478; x_wconf 88' lang='lat' dir='ltr'>deprecata</span> <span class='ocrx_word' id='word_1_116' title='bbox 613 1422 701 1476; x_wconf 85' lang='lat' dir='ltr'>est,</span> <span class='ocrx_word' id='word_1_117' title='bbox 753 1421 919 1464; x_wconf 88' lang='lat' dir='ltr'>vestra</span> <span class='ocrx_word' id='word_1_118' title='bbox 964 1415 1086 1464; x_wconf 92' lang='lat' dir='ltr'>fides</span> <span class='ocrx_word' id='word_1_119' title='bbox 1144 1421 1296 1481; x_wconf 86' lang='lat' dir='ltr'>atque</span> <span class='ocrx_word' id='word_1_120' title='bbox 1354 1417 1577 1480; x_wconf 88' lang='lat' dir='ltr'>aequitas</span> <span class='ocrx_word' id='word_1_121' title='bbox 1625 1434 1653 1466; x_wconf 86' lang='lat' dir='ltr'>a</span> 
     </span>
     <span class='ocr_line' id='line_1_17' title="bbox 151 1495 1652 1562; baseline 0.002 -19"><span class='ocrx_word' id='word_1_122' title='bbox 151 1495 376 1544; x_wconf 86' lang='lat' dir='ltr'>veritatis</span> <span class='ocrx_word' id='word_1_123' title='bbox 433 1495 793 1560; x_wconf 83' lang='lat' dir='ltr'>disceptatione</span> <span class='ocrx_word' id='word_1_124' title='bbox 851 1495 1035 1559; x_wconf 77' lang='lat' dir='ltr'>reiecit,&#39;</span> <span class='ocrx_word' id='word_1_125' title='bbox 1086 1497 1207 1562; x_wconf 90' lang='lat' dir='ltr'>quid</span> <span class='ocrx_word' id='word_1_126' title='bbox 1266 1502 1340 1546; x_wconf 89' lang='lat' dir='ltr'>est</span> <span class='ocrx_word' id='word_1_127' title='bbox 1398 1504 1652 1562; x_wconf 84' lang='lat' dir='ltr'>praeterea</span> 
     </span>
     <span class='ocr_line' id='line_1_18' title="bbox 150 1566 1652 1642; baseline 0.002 -17"><span class='ocrx_word' id='word_1_128' title='bbox 150 1577 283 1641; x_wconf 90' lang='lat' dir='ltr'>quod</span> <span class='ocrx_word' id='word_1_129' title='bbox 339 1578 392 1625; x_wconf 90' lang='lat' dir='ltr'>in</span> <span class='ocrx_word' id='word_1_130' title='bbox 451 1594 596 1626; x_wconf 90' lang='lat' dir='ltr'>causa</span> <span class='ocrx_word' id='word_1_131' title='bbox 665 1566 1029 1642; x_wconf 44' lang='lat' dir='ltr'>relinquatur?</span> <span class='ocrx_word' id='word_1_132' title='bbox 1113 1578 1377 1627; x_wconf 87' lang='lat' dir='ltr'>Versatam</span> <span class='ocrx_word' id='word_1_133' title='bbox 1435 1596 1541 1628; x_wconf 88' lang='lat' dir='ltr'>esse</span> <span class='ocrx_word' id='word_1_134' title='bbox 1598 1580 1652 1628; x_wconf 91' lang='lat' dir='ltr'>in</span> 
     </span>
     <span class='ocr_line' id='line_1_19' title="bbox 149 1659 1653 1724; baseline 0.001 -17"><span class='ocrx_word' id='word_1_135' title='bbox 149 1659 334 1708; x_wconf 91' lang='lat' dir='ltr'>iudicio</span> <span class='ocrx_word' id='word_1_136' title='bbox 382 1660 640 1724; x_wconf 90' lang='lat' dir='ltr'>pecuniam</span> <span class='ocrx_word' id='word_1_137' title='bbox 689 1666 912 1708; x_wconf 88' lang='lat' dir='ltr'>constat:</span> <span class='ocrx_word' id='word_1_138' title='bbox 966 1676 1023 1709; x_wconf 91' lang='lat' dir='ltr'>ea</span> <span class='ocrx_word' id='word_1_139' title='bbox 1063 1660 1320 1724; x_wconf 89' lang='lat' dir='ltr'>quaeritur</span> <span class='ocrx_word' id='word_1_140' title='bbox 1365 1659 1499 1709; x_wconf 89' lang='lat' dir='ltr'>unde</span> <span class='ocrx_word' id='word_1_141' title='bbox 1546 1677 1653 1724; x_wconf 90' lang='lat' dir='ltr'>pro-</span> 
     </span>
     <span class='ocr_line' id='line_1_20' title="bbox 148 1740 1653 1800; baseline 0.001 -12"><span class='ocrx_word' id='word_1_142' title='bbox 148 1740 278 1789; x_wconf 89' lang='lat' dir='ltr'>fecta</span> <span class='ocrx_word' id='word_1_143' title='bbox 318 1741 398 1800; x_wconf 85' lang='lat' dir='ltr'>sit,</span> <span class='ocrx_word' id='word_1_144' title='bbox 437 1741 498 1790; x_wconf 89' lang='lat' dir='ltr'>ab</span> <span class='ocrx_word' id='word_1_145' title='bbox 541 1747 820 1790; x_wconf 85' lang='lat' dir='ltr'>accusatore</span> <span class='ocrx_word' id='word_1_146' title='bbox 857 1758 919 1789; x_wconf 90' lang='lat' dir='ltr'>an</span> <span class='ocrx_word' id='word_1_147' title='bbox 961 1741 1023 1790; x_wconf 87' lang='lat' dir='ltr'>ab</span> <span class='ocrx_word' id='word_1_148' title='bbox 1059 1757 1157 1790; x_wconf 89' lang='lat' dir='ltr'>reo.</span> <span class='ocrx_word' id='word_1_149' title='bbox 1230 1741 1366 1789; x_wconf 88' lang='lat' dir='ltr'>Dicit</span> <span class='ocrx_word' id='word_1_150' title='bbox 1402 1747 1653 1790; x_wconf 88' lang='lat' dir='ltr'>accusator</span> 
     </span>
     <span class='ocr_line' id='line_1_21' title="bbox 147 1821 1646 1886; baseline 0 -16"><span class='ocrx_word' id='word_1_151' title='bbox 147 1821 296 1871; x_wconf 88' lang='lat' dir='ltr'>haec:</span> <span class='ocrx_word' id='word_1_152' title='bbox 355 1822 609 1870; x_wconf 88' lang='lat' dir='ltr'>‘Primum</span> <span class='ocrx_word' id='word_1_153' title='bbox 655 1822 959 1886; x_wconf 86' lang='lat' dir='ltr'>gravissimis</span> <span class='ocrx_word' id='word_1_154' title='bbox 1006 1822 1294 1871; x_wconf 84' lang='lat' dir='ltr'>criminibus</span> <span class='ocrx_word' id='word_1_155' title='bbox 1343 1823 1646 1882; x_wconf 86' lang='lat' dir='ltr'>accusabam,</span> 
     </span>
     <span class='ocr_line' id='line_1_22' title="bbox 149 1903 1650 1968; baseline 0.001 -17"><span class='ocrx_word' id='word_1_156' title='bbox 149 1910 205 1952; x_wconf 92' lang='lat' dir='ltr'>ut</span> <span class='ocrx_word' id='word_1_157' title='bbox 245 1903 370 1951; x_wconf 90' lang='lat' dir='ltr'>nihil</span> <span class='ocrx_word' id='word_1_158' title='bbox 413 1920 535 1968; x_wconf 94' lang='lat' dir='ltr'>opus</span> <span class='ocrx_word' id='word_1_159' title='bbox 577 1910 706 1952; x_wconf 88' lang='lat' dir='ltr'>esset</span> <span class='ocrx_word' id='word_1_160' title='bbox 748 1904 955 1968; x_wconf 89' lang='lat' dir='ltr'>pecunia</span> <span class='ocrx_word' id='word_1_161' title='bbox 974 1922 988 1964; x_wconf 93' lang='lat'>3</span> <span class='ocrx_word' id='word_1_162' title='bbox 1040 1903 1220 1953; x_wconf 85' lang='lat' dir='ltr'>deinde</span> <span class='ocrx_word' id='word_1_163' title='bbox 1265 1904 1650 1953; x_wconf 89' lang='lat' dir='ltr'>condemnatum</span> 
     </span>
     <span class='ocr_line' id='line_1_23' title="bbox 147 1985 1650 2050; baseline 0.001 -16"><span class='ocrx_word' id='word_1_164' title='bbox 147 1985 467 2046; x_wconf 88' lang='lat' dir='ltr'>adducebam,</span> <span class='ocrx_word' id='word_1_165' title='bbox 516 1991 573 2034; x_wconf 93' lang='lat' dir='ltr'>ut</span> <span class='ocrx_word' id='word_1_166' title='bbox 629 2002 691 2034; x_wconf 93' lang='grc'>116</span> <span class='ocrx_word' id='word_1_167' title='bbox 750 1985 872 2050; x_wconf 89' lang='lat' dir='ltr'>eripi</span> <span class='ocrx_word' id='word_1_168' title='bbox 930 1985 1133 2049; x_wconf 89' lang='lat' dir='ltr'>quidem</span> <span class='ocrx_word' id='word_1_169' title='bbox 1189 1986 1399 2049; x_wconf 90' lang='lat' dir='ltr'>pecunia</span> <span class='ocrx_word' id='word_1_170' title='bbox 1454 1992 1650 2050; x_wconf 89' lang='lat' dir='ltr'>posset3</span> 
     </span>
     <span class='ocr_line' id='line_1_24' title="bbox 147 2067 1648 2131; baseline 0 -16"><span class='ocrx_word' id='word_1_171' title='bbox 147 2073 408 2131; x_wconf 90' lang='lat' dir='ltr'>postremo,</span> <span class='ocrx_word' id='word_1_172' title='bbox 446 2067 597 2116; x_wconf 90' lang='lat' dir='ltr'>etiam</span> <span class='ocrx_word' id='word_1_173' title='bbox 629 2067 671 2116; x_wconf 88' lang='lat' dir='ltr'>si</span> <span class='ocrx_word' id='word_1_174' title='bbox 712 2067 967 2116; x_wconf 88' lang='lat' dir='ltr'>absolutus</span> <span class='ocrx_word' id='word_1_175' title='bbox 1000 2067 1187 2128; x_wconf 87' lang='lat' dir='ltr'>fuisset,</span> <span class='ocrx_word' id='word_1_176' title='bbox 1224 2083 1444 2115; x_wconf 87' lang='lat' dir='ltr'>mearum</span> <span class='ocrx_word' id='word_1_177' title='bbox 1480 2073 1648 2116; x_wconf 89' lang='lat' dir='ltr'>tamen</span> 
     </span>
     <span class='ocr_line' id='line_1_25' title="bbox 147 2147 1649 2197; baseline 0 -1"><span class='ocrx_word' id='word_1_178' title='bbox 147 2148 369 2197; x_wconf 85' lang='lat' dir='ltr'>omnium</span> <span class='ocrx_word' id='word_1_179' title='bbox 444 2148 755 2197; x_wconf 87' lang='lat' dir='ltr'>fortunarum</span> <span class='ocrx_word' id='word_1_180' title='bbox 832 2155 990 2197; x_wconf 87' lang='lat' dir='ltr'>status</span> <span class='ocrx_word' id='word_1_181' title='bbox 1065 2148 1325 2197; x_wconf 91' lang='lat' dir='ltr'>incolumis</span> <span class='ocrx_word' id='word_1_182' title='bbox 1396 2147 1649 2197; x_wconf 79' lang='lat' dir='ltr'>maneret.²</span> 
     </span>
     <span class='ocr_line' id='line_1_26' title="bbox 148 2229 1649 2293; baseline -0.001 -15"><span class='ocrx_word' id='word_1_183' title='bbox 148 2230 278 2291; x_wconf 78' lang='lat' dir='ltr'>Quid</span> <span class='ocrx_word' id='word_1_184' title='bbox 321 2236 493 2279; x_wconf 88' lang='lat' dir='ltr'>contra</span> <span class='ocrx_word' id='word_1_185' title='bbox 532 2231 683 2279; x_wconf 77' lang='lat' dir='ltr'>reus?</span> <span class='ocrx_word' id='word_1_186' title='bbox 772 2229 1026 2278; x_wconf 89' lang='lat' dir='ltr'>‘Primum</span> <span class='ocrx_word' id='word_1_187' title='bbox 1068 2229 1227 2293; x_wconf 87' lang='lat' dir='ltr'>ipsam</span> <span class='ocrx_word' id='word_1_188' title='bbox 1273 2229 1649 2277; x_wconf 89' lang='lat' dir='ltr'>multitudinem</span> 
     </span>
     <span class='ocr_line' id='line_1_27' title="bbox 146 2310 1650 2374; baseline -0.001 -15"><span class='ocrx_word' id='word_1_189' title='bbox 146 2311 409 2360; x_wconf 89' lang='lat' dir='ltr'>criminum</span> <span class='ocrx_word' id='word_1_190' title='bbox 468 2317 519 2360; x_wconf 93' lang='lat' dir='ltr'>et</span> <span class='ocrx_word' id='word_1_191' title='bbox 576 2311 889 2360; x_wconf 88' lang='lat' dir='ltr'>atrocitatem</span> <span class='ocrx_word' id='word_1_192' title='bbox 957 2310 1367 2374; x_wconf 89' lang='lat' dir='ltr'>pertimescebam</span> <span class='ocrx_word' id='word_1_193' title='bbox 1386 2330 1400 2371; x_wconf 91' lang='lat'>3</span> <span class='ocrx_word' id='word_1_194' title='bbox 1470 2310 1650 2359; x_wconf 90' lang='lat' dir='ltr'>deinde</span> 
     </span>
     <span class='ocr_line' id='line_1_28' title="bbox 145 2391 1650 2457; baseline -0.002 -15"><span class='ocrx_word' id='word_1_195' title='bbox 145 2393 384 2442; x_wconf 86' lang='lat' dir='ltr'>Fabriciis</span> <span class='ocrx_word' id='word_1_196' title='bbox 421 2398 623 2457; x_wconf 86' lang='lat' dir='ltr'>propter</span> <span class='ocrx_word' id='word_1_197' title='bbox 659 2392 1009 2441; x_wconf 87' lang='lat' dir='ltr'>conscientiam</span> <span class='ocrx_word' id='word_1_198' title='bbox 1051 2392 1148 2440; x_wconf 91' lang='lat' dir='ltr'>mei</span> <span class='ocrx_word' id='word_1_199' title='bbox 1190 2391 1399 2441; x_wconf 86' lang='lat' dir='ltr'>sceleris.</span> <span class='ocrx_word' id='word_1_200' title='bbox 1425 2391 1650 2440; x_wconf 87' lang='lat' dir='ltr'>condem-</span> 
     </span>
     <span class='ocr_line' id='line_1_29' title="bbox 146 2472 1649 2537; baseline -0.001 -14"><span class='ocrx_word' id='word_1_201' title='bbox 146 2474 278 2524; x_wconf 86' lang='lat' dir='ltr'>natis</span> <span class='ocrx_word' id='word_1_202' title='bbox 325 2490 403 2523; x_wconf 89' lang='lat' dir='ltr'>me</span> <span class='ocrx_word' id='word_1_203' title='bbox 451 2490 556 2523; x_wconf 89' lang='lat' dir='ltr'>esse</span> <span class='ocrx_word' id='word_1_204' title='bbox 603 2473 986 2523; x_wconf 87' lang='lat' dir='ltr'>condemnatum</span> <span class='ocrx_word' id='word_1_205' title='bbox 1032 2472 1307 2521; x_wconf 88' lang='lat' dir='ltr'>sentiebam</span> <span class='ocrx_word' id='word_1_206' title='bbox 1326 2491 1340 2534; x_wconf 91' lang='lat'>3</span> <span class='ocrx_word' id='word_1_207' title='bbox 1399 2478 1649 2537; x_wconf 85' lang='lat' dir='ltr'>postremo</span> 
     </span>
    </p>
   </div>
   <div class='ocr_carea' id='block_1_5' title="bbox 146 2613 1647 2795">
    <p class='ocr_par' dir='ltr' id='par_1_5' title="bbox 146 2613 1647 2795">
     <span class='ocr_line' id='line_1_30' title="bbox 200 2613 1647 2663; baseline -0.002 -8"><span class='ocrx_word' id='word_1_208' title='bbox 200 2616 238 2659; x_wconf 89' lang='lat'>7.</span> <span class='ocrx_word' id='word_1_209' title='bbox 273 2616 413 2663; x_wconf 72' lang='lat' dir='ltr'>audet,</span> <span class='ocrx_word' id='word_1_210' title='bbox 449 2626 522 2655; x_wconf 72' lang='lat' dir='ltr'>ST:</span> <span class='ocrx_word' id='word_1_211' title='bbox 563 2614 611 2654; x_wconf 81' lang='lat' dir='ltr'>id</span> <span class='ocrx_word' id='word_1_212' title='bbox 639 2614 781 2663; x_wconf 71' lang='lat' dir='ltr'>audet,</span> <span class='ocrx_word' id='word_1_213' title='bbox 816 2629 857 2653; x_wconf 90' lang='grc' dir='ltr'>ω.</span> <span class='ocrx_word' id='word_1_214' title='bbox 934 2613 996 2657; x_wconf 86' lang='grc'><strong>17.</strong></span> <span class='ocrx_word' id='word_1_215' title='bbox 1039 2626 1134 2662; x_wconf 77' lang='lat' dir='ltr'>esse,</span> <span class='ocrx_word' id='word_1_216' title='bbox 1169 2627 1250 2654; x_wconf 90' lang='lat' dir='ltr'>om.</span> <span class='ocrx_word' id='word_1_217' title='bbox 1286 2625 1347 2654; x_wconf 73' lang='lat' dir='ltr'>ST.</span> <span class='ocrx_word' id='word_1_218' title='bbox 1425 2615 1487 2654; x_wconf 91' lang='lat'>19.</span> <span class='ocrx_word' id='word_1_219' title='bbox 1532 2613 1647 2653; x_wconf 67' lang='lat' dir='ltr'>Dicit</span> 
     </span>
     <span class='ocr_line' id='line_1_31' title="bbox 146 2677 1643 2731; baseline -0.001 -11"><span class='ocrx_word' id='word_1_220' title='bbox 146 2685 381 2729; x_wconf 72' lang='lat' dir='ltr'>accusator,</span> <span class='ocrx_word' id='word_1_221' title='bbox 405 2691 476 2720; x_wconf 73' lang='lat' dir='ltr'>ST:</span> <span class='ocrx_word' id='word_1_222' title='bbox 508 2677 745 2720; x_wconf 73' lang='lat' dir='ltr'>Accusator</span> <span class='ocrx_word' id='word_1_223' title='bbox 764 2677 882 2727; x_wconf 73' lang='lat' dir='ltr'>dicit,</span> <span class='ocrx_word' id='word_1_224' title='bbox 906 2693 948 2718; x_wconf 91' lang='grc' dir='ltr'>ω.</span> <span class='ocrx_word' id='word_1_225' title='bbox 1000 2678 1066 2719; x_wconf 82' lang='lat'>23.</span> <span class='ocrx_word' id='word_1_226' title='bbox 1082 2677 1254 2729; x_wconf 75' lang='lat' dir='ltr'>fuisset,</span> <span class='ocrx_word' id='word_1_227' title='bbox 1276 2689 1349 2719; x_wconf 80' lang='lat' dir='ltr'>s&#39;r:</span> <span class='ocrx_word' id='word_1_228' title='bbox 1381 2683 1494 2728; x_wconf 74' lang='lat' dir='ltr'>esset,</span> <span class='ocrx_word' id='word_1_229' title='bbox 1514 2693 1544 2717; x_wconf 88' lang='grc' dir='ltr'><strong>ω</strong></span> <span class='ocrx_word' id='word_1_230' title='bbox 1560 2680 1643 2731; x_wconf 89' lang='lat' dir='ltr'>(cp.</span> 
     </span>
     <span class='ocr_line' id='line_1_32' title="bbox 147 2744 389 2795; baseline 0 -11"><span class='ocrx_word' id='word_1_231' title='bbox 147 2747 168 2795; x_wconf 62' lang='grc' dir='ltr'>ἓ</span> <span class='ocrx_word' id='word_1_232' title='bbox 191 2745 282 2795; x_wconf 74' lang='lat'><strong>145,</strong></span> <span class='ocrx_word' id='word_1_233' title='bbox 305 2744 389 2793; x_wconf 85' lang='lat'><strong>25).</strong></span> 
     </span>
    </p>
   </div>
   <div class='ocr_carea' id='block_1_6' title="bbox 1681 1031 1728 1061">
    <p class='ocr_par' dir='ltr' id='par_1_6' title="bbox 1681 1031 1728 1061">
     <span class='ocr_line' id='line_1_33' title="bbox 1681 1031 1728 1061; baseline 0.021 -1"><span class='ocrx_word' id='word_1_234' title='bbox 1681 1031 1728 1061; x_wconf 91' lang='lat'>10</span> 
     </span>
    </p>
   </div>
   <div class='ocr_carea' id='block_1_7' title="bbox 1675 1844 1727 1873">
    <p class='ocr_par' dir='ltr' id='par_1_7' title="bbox 1675 1844 1727 1873">
     <span class='ocr_line' id='line_1_34' title="bbox 1675 1844 1727 1873; baseline 0.019 -1"><span class='ocrx_word' id='word_1_235' title='bbox 1675 1844 1727 1873; x_wconf 89' lang='lat'>20</span> 
     </span>
    </p>
   </div>
  </div>
 </body>
</html>
