1820 2956
590 80 721 130 PRO
761 80 826 129 A.
869 79 1226 128 OLUENTIO.
1592 79 1655 125 23

156 234 370 282 quorum
409 233 521 266 cum
563 214 683 263 satis
725 230 935 278 magnus
979 228 1217 261 numerus
1260 217 1403 269 esset,
1444 226 1657 273 cumque

155 299 290 358 item,
341 306 400 346 ut
445 298 497 346 in
548 295 715 345 Sicilia
763 294 1003 358 permulti
1045 293 1251 342 Venerii
1295 298 1427 352 sunt,
1474 292 1543 340 sic
1584 291 1657 339 illi

155 379 327 429 Larini
385 380 437 427 in
495 377 677 426 Martis
735 376 923 425 familia
989 381 1388 434 numerarentur,
1451 379 1658 438 repente

157 457 461 526 Oppianicus
517 477 600 509 eos
657 475 828 508 omnes
888 458 1070 507 liberos
1128 474 1234 506 esse
1277 458 1509 519 civesque
1565 455 1659 504 Ro-

110 551 132 595 5
155 560 328 592 manos
375 542 540 607 coepit
585 541 869 590 defendere.
961 540 1198 589 Graviter
1256 539 1309 587 id
1367 538 1659 587 decuriones

155 623 467 672 Larinatium
515 623 780 686 cunctique
835 622 1112 686 municipes
1173 620 1403 669 tulerunt
1422 638 1434 680 3
1488 620 1659 682 itaque

155 705 219 754 ab
266 705 456 754 Habito
513 705 806 770 petiverunt
851 711 911 752 ut
958 720 1067 751 eam
1126 719 1327 751 causam
1385 701 1661 765 susciperet

157 786 452 850 publiceque
500 785 810 834 defenderet.
903 784 1123 833 Habitus
1166 801 1279 832 cum
1321 800 1372 832 se
1417 783 1480 831 ab
1524 782 1660 832 omni

157 868 262 917 eius
303 868 440 917 modi
482 867 684 933 negotio
725 867 1034 924 removisset,
1073 872 1242 914 tamen
1282 883 1373 930 pro
1409 865 1530 925 loco,
1570 881 1661 929 pro

88 967 135 996 10
156 950 460 1013 antiquitate
507 950 703 1014 generis
752 949 843 1008 sui,
890 965 982 1013 pro
1030 964 1089 997 eo
1130 947 1266 1011 quod
1309 964 1361 996 se
1410 964 1510 996 non
1559 947 1660 996 suis

158 1031 428 1080 commodis
487 1030 573 1080 sed
633 1030 784 1079 etiam
843 1046 1046 1079 suorum
1107 1029 1415 1093 municipum
1482 1035 1663 1077 cetero-

158 1128 365 1176 rumque
435 1111 822 1160 necessariorum
894 1116 1068 1160 natum
1138 1128 1241 1159 esse
1311 1111 1659 1171 arbitrabatur,

159 1199 328 1242 tantae
398 1193 646 1242 voluntati
714 1193 1060 1241 universorum
1120 1192 1434 1241 Larinatium
1493 1192 1662 1241 deesse

159 1274 332 1323 noluit.
424 1273 664 1338 Suscepta
705 1291 850 1323 causa
898 1274 1208 1337 Romamque
1248 1273 1414 1322 delata
1454 1290 1662 1338 magnae
1686 1266 1753 1317 44

89 1368 136 1412 15
160 1355 341 1405 cotidie
384 1356 729 1405 contentiones
770 1356 903 1405 inter
945 1355 1190 1404 Habitum
1232 1362 1283 1404 et
1332 1355 1661 1419 Oppianicum

161 1454 223 1487 ex
260 1438 521 1501 utriusque
559 1437 727 1486 studio
766 1437 1068 1486 defensionis
1107 1438 1467 1486 excitabantur.
1541 1438 1664 1487 Erat

161 1519 265 1583 ipse
308 1519 512 1567 immani
550 1519 822 1582 acerbaque
863 1525 1044 1567 natura
1084 1518 1417 1581 Oppianicus:
1467 1519 1664 1568 incend-

162 1601 277 1650 ebat
337 1600 442 1648 eius
508 1599 776 1648 amentiam
841 1599 1023 1648 infesta
1086 1606 1236 1663 atque
1301 1601 1501 1649 inimica
1561 1601 1663 1650 filio

161 1688 320 1730 mater
353 1681 540 1730 Habiti.
614 1681 787 1745 Magni
820 1687 985 1729 autem
1020 1681 1093 1729 illi
1125 1698 1214 1730 sua
1246 1682 1483 1730 interesse
1516 1683 1665 1731 arbit-

88 1780 140 1809 20
161 1764 400 1815 rabantur
481 1762 614 1811 hunc
691 1779 719 1810 a
788 1779 934 1810 causa
1018 1762 1330 1810 Martialium
1405 1764 1660 1812 removeri.

164 1844 375 1893 Suberat
433 1844 583 1892 etiam
642 1843 738 1891 alia
795 1860 941 1892 causa
999 1844 1166 1902 maior,
1218 1861 1342 1907 quae
1402 1844 1664 1909 Oppianici
1718 1831 1720 1834 i

163 1925 378 1973 hominis
471 1925 745 1973 avarissimi
831 1930 982 1988 atque
1065 1925 1376 1974 audacissimi
1446 1934 1665 1976 mentem

163 2007 376 2054 maxime
435 2006 790 2054 commovebat.
909 2006 1041 2055 Nam
1112 2006 1330 2055 Habitus
1388 2024 1543 2072 usque
1602 2009 1663 2057 ad
1689 2006 1754 2056 45

164 2087 296 2136 illius
338 2087 508 2136 iudicii
550 2094 748 2150 tempus
789 2086 984 2135 nullum
1026 2093 1382 2136 testamentum
1429 2106 1666 2153 umquam

90 2186 142 2230 25
165 2169 374 2218 fecerat:
443 2185 606 2232 neque
664 2168 827 2231 legare
886 2169 990 2217 eius
1048 2168 1183 2216 modi
1253 2171 1400 2218 matri
1469 2177 1667 2234 poterat

219 2349 257 2388 2.
291 2347 532 2398 [permulti]
561 2347 726 2389 Venerii
756 2349 900 2398 [suntL
934 2347 1166 2388 Hartman.
1245 2349 1306 2389 10.
1345 2362 1428 2388 non
1456 2349 1557 2398 suis,
1589 2362 1664 2391 S'r:

166 2425 250 2452 non
282 2412 415 2452 solum
446 2411 548 2461 suis,
585 2423 637 2452 F:
681 2425 765 2452 non
792 2411 880 2452 suis
912 2413 1060 2460 solum,
1098 2424 1146 2451 M.
1221 2413 1287 2452 20.
1335 2414 1549 2463 removeri,
1590 2426 1665 2455 s'r:

168 2477 394 2526 demovere,
425 2487 516 2516 FM:
559 2476 782 2524 demoveri,
815 2476 961 2516 Klotz.
1025 2477 1091 2516 22.
1126 2483 1252 2527 atque
1281 2477 1574 2527 audacissimi,
1608 2494 1665 2519 w:

168 2553 249 2580 om.
282 2539 337 2582 8ยน:
368 2540 467 2581 secl.
500 2540 680 2581 Baiter:
719 2540 802 2580 del.
829 2539 1015 2593 Kayser,
1040 2540 1255 2581 Faussett.
1322 2542 1388 2582 25.
1426 2555 1569 2594 neque,
1595 2554 1666 2584 ST:

168 2617 299 2656 neque
327 2604 450 2652 enim,
475 2620 517 2645 ฯ.
579 2605 733 2656 leqare,
758 2605 904 2645 codd.:
936 2606 1075 2656 Ze9are
1103 2605 1331 2657 quicquam
1357 2605 1455 2647 edd.
1482 2606 1662 2659 (Baiter,

170 2669 344 2718 Miiller,
367 2669 482 2709 after
502 2669 775 2719 Arusianus).
