1820 2956
571 94 703 143 PRO
738 93 803 142 A.
847 92 1206 141 CLUENTIO.
1575 91 1634 138 47

137 246 290 295 posse,
326 229 489 277 minus
526 227 571 277 ei
612 227 757 276 fidele
794 226 1052 275 consilium
1091 225 1299 275 dedisse.
1374 224 1433 272 In
1469 224 1562 272 hoc
1598 224 1639 271 si

135 311 391 376 improbus
433 309 682 375 Cethegus
730 309 839 369 fuit,
883 307 1084 356 videtur
1131 307 1254 355 mihi
1303 306 1638 355 adversarium

135 409 386 442 removere
402 391 614 440 voluisse
626 408 639 450 ς
663 390 740 438 sin
761 395 867 438 erat
887 388 992 438 eius
1011 388 1148 437 modi
1169 405 1312 437 causa
1331 393 1389 437 ut
1409 387 1640 436 Staienus

136 491 362 523 nummos
399 489 450 522 se
487 472 727 536 accepisse
760 487 939 534 negare
972 487 1071 519 non
1105 476 1284 534 posset,
1311 469 1438 518 nihil
1474 474 1638 517 autem

79 569 111 613 -5
136 563 240 605 erat
287 554 607 620 periculosius
655 570 745 602 nec
794 553 989 617 turpius
1037 569 1188 616 quam
1236 551 1297 600 ad
1346 568 1495 615 quam
1536 567 1640 599 rem

135 638 402 702 accepisset
427 636 665 695 confiteri,
693 652 794 684 non
831 643 907 684 est
943 635 1202 683 consilium
1236 633 1447 698 Cethegi
1482 650 1641 697 repre-

135 719 470 770 hendendum.
561 718 751 767 Verum
800 717 896 766 alia
943 734 1087 766 causa
1134 722 1242 765 tum
1290 715 1479 764 Staieni
1527 715 1637 776 fuit,
1663 711 1730 765 86

135 802 231 851 alia
271 818 415 862 nunc,
461 800 594 858 Acci,
640 805 727 848 tua
769 805 856 848 est.
931 799 1037 859 Ille,
1078 815 1188 846 cum
1227 814 1280 847 re
1318 803 1637 861 premeretur,

135 883 481 947 quodcumque
517 881 719 940 diceret,
746 880 1004 930 honestius
1030 880 1218 928 diceret
1252 895 1402 944 quam
1435 878 1477 927 si
1507 878 1640 942 quod

66 982 113 1011 10
136 970 241 1013 erat
277 965 462 1013 factum
498 963 767 1024 fateretur3
805 968 854 1011 te
880 979 997 1011 vero
1031 961 1157 1010 illud
1190 961 1335 1021 idem,
1364 960 1497 1025 quod
1533 966 1642 1009 tum

136 1046 394 1111 explosum
437 1051 487 1094 et
534 1045 745 1094 eiectum
794 1050 882 1104 est,
934 1061 1065 1093 nunc
1113 1043 1363 1092 rettulisse
1410 1043 1636 1092 demiror.

136 1128 231 1190 Qui
274 1128 406 1177 enim
448 1132 645 1191 poterat
687 1132 795 1175 tum
836 1127 889 1174 in
930 1126 1143 1191 gratiam
1190 1126 1350 1175 redire
1393 1143 1505 1175 eum
1547 1125 1642 1190 Op-

135 1210 328 1274 pianico
356 1209 618 1259 Cluentius
639 1210 656 1258 (2
726 1208 979 1257 Haerebat
1004 1209 1056 1256 in
1082 1208 1266 1258 tabulis
1295 1208 1506 1273 publicis
1530 1225 1642 1257 reus

137 1298 187 1340 et
222 1297 504 1340 accusator:
553 1290 869 1339 condemnati
907 1296 1050 1339 erant
1085 1290 1329 1339 Fabricii:
1383 1306 1472 1339 nec
1515 1289 1643 1339 elabi

66 1386 112 1431 15
137 1372 232 1422 alio
279 1378 561 1422 accusatore
608 1377 806 1436 poterat
852 1371 1033 1420 Albius
1081 1388 1170 1421 nec
1219 1372 1323 1420 sine
1371 1371 1645 1436 ignominia

136 1455 409 1504 calumniae
446 1454 725 1518 relinquere
762 1454 1126 1503 accusationem
1163 1453 1438 1503 Cluentius.

205 1536 424 1586 XXXII.
464 1536 547 1585 An
572 1542 630 1585 ut
653 1536 1107 1600 praevaricaretur-‘l
1164 1535 1271 1584 Iam
1292 1536 1343 1584 id
1364 1551 1562 1599 quoque
1581 1534 1644 1583 ad
1667 1527 1734 1582 87

138 1618 552 1682 corrumpendum
577 1617 818 1666 iudicium
837 1618 1068 1681 pertinet.
1121 1617 1219 1666 Sed
1245 1617 1365 1681 quid
1392 1634 1514 1681 opus
1540 1622 1645 1665 erat

137 1702 199 1751 ad
237 1718 345 1751 eam
380 1717 485 1750 rem
520 1700 682 1749 iudice
719 1702 1010 1764 sequestre?
1058 1705 1108 1748 et
1146 1700 1348 1748 omnino
1391 1716 1540 1764 quam
1581 1699 1645 1748 ob

63 1798 116 1826 20
137 1801 242 1833 rem
277 1788 385 1833 tota
419 1783 516 1831 ista
550 1799 629 1832 res
665 1799 753 1847 per
790 1781 1050 1831 Staienum
1085 1781 1266 1846 potius,
1293 1781 1547 1831 hominem
1583 1781 1644 1830 ab

137 1873 350 1928 utroque
397 1863 768 1922 alienissimum,
820 1863 1231 1924 sordidissimum,
1280 1863 1642 1927 turpissimum,

139 1965 288 2012 quam
316 1963 405 2011 per
431 1946 620 1995 bonum
649 1946 867 2009 aliquem
891 1945 1056 1994 virum
1083 1951 1311 2010 ageretur
1346 1950 1396 1994 et
1431 1945 1645 1993 amicum

138 2029 565 2092 necessariumque
624 2030 971 2077 communem?
1067 2027 1165 2077 Sed
1220 2026 1340 2091 quid
1389 2044 1478 2092 ego
1526 2027 1645 2076 haec

139 2111 362 2175 pluribus
409 2110 551 2175 quasi
609 2110 671 2159 de
730 2126 782 2158 re
837 2110 1045 2159 obscura
1103 2109 1317 2174 disputo,
1368 2125 1477 2157 cum
1538 2109 1646 2172 ipsa

22 2239 34 2250 ,
67 2201 116 2244 25
140 2192 347 2256 pecunia
392 2208 519 2256 quae
568 2191 770 2240 Staieno
818 2191 937 2240 data
984 2196 1059 2239 est
1105 2207 1311 2239 numero
1353 2207 1407 2239 ac
1454 2206 1645 2238 summa

141 2290 227 2322 sua
272 2290 372 2322 non
418 2273 567 2322 modo
615 2279 802 2337 quanta
848 2273 1013 2332 fuerit,
1057 2271 1143 2321 sed
1187 2271 1336 2321 etiam
1385 2271 1448 2320 ad
1495 2287 1644 2335 quam

195 2446 232 2490 7.
256 2446 364 2498 fuit,
388 2460 470 2486 om.
495 2458 557 2487 s'r.
612 2448 673 2487 13.
704 2446 780 2498 qui
803 2460 897 2486 cum
921 2452 1059 2486 matre
1081 2445 1214 2495 (after
1236 2444 1469 2494 Cluentius)
1492 2444 1514 2484 I
1534 2444 1645 2484 have

142 2511 328 2551 omitted
351 2510 465 2551 from
483 2512 561 2552 the
580 2514 678 2552 text
697 2527 705 2551 ε
737 2511 811 2563 qui
830 2524 926 2552 cum
945 2516 1082 2551 matre
1103 2510 1279 2550 habebat
1299 2509 1547 2558 simultates,
1570 2520 1646 2550 S'rF

143 2578 230 2625 (see
263 2575 434 2626 Notes).
508 2577 572 2620 17.
616 2582 676 2625 uc,
714 2587 848 2616 FMW:
894 2575 963 2624 iis,
1001 2587 1051 2616 s'r
1090 2575 1176 2625 (for
1213 2574 1265 2614 iic
1279 2575 1314 2624 ?)
1334 2591 1343 2614 ε
1388 2574 1438 2623 is,
1477 2574 1639 2614 Baiter.

141 2641 253 2689 Iam,
278 2640 403 2680 codd.
430 2642 513 2693 (cp.
538 2642 627 2681 xxi.
656 2641 711 2681 ad
739 2641 884 2691 init.):
913 2654 1031 2690 nam,
1057 2642 1174 2680 most
1199 2639 1297 2680 edd.
1359 2640 1424 2679 24.
1459 2639 1641 2690 disputo,

142 2716 191 2745 ΒΤ
209 2721 217 2745 :
249 2705 471 2756 disputem,
496 2720 538 2745 ω.
599 2707 665 2746 26.
699 2707 760 2746 ad
780 2719 911 2757 quam
930 2718 1021 2745 rem
1041 2705 1146 2744 data
1155 2704 1312 2753 fiterit,
1330 2715 1368 2752 F,
1389 2703 1640 2744 Lambinus.
