1820 2956
231 102 295 148 58
665 100 796 149 PRO
830 100 894 150 Α.
937 100 1015 150 CL
1026 100 1295 151 UENTIO.

217 232 387 297 ,qualis
423 233 475 282 L.
504 233 706 282 Caulius
742 233 958 298 Mergus,
999 234 1067 282 M.
1107 234 1314 294 Basilus,
1343 234 1397 284 O.
1436 234 1719 284 Caudinus!

227 313 313 376 qui
355 330 524 362 omnes
566 313 618 361 in
659 312 853 362 iudiciis
898 314 1106 377 publicis
1143 315 1242 363 iam
1280 321 1388 363 tum
1426 316 1632 365 florente
1669 333 1721 364 re

227 395 423 459 publica
457 395 744 444 floruerunt.
833 395 911 444 Ex
952 395 1126 445 eodem
1166 412 1371 445 numero
1407 396 1462 445 L.
1507 396 1717 457 Cassius,

227 476 315 526 On.
350 477 521 537 Heius,
553 476 659 540 pari
691 482 743 525 et
774 476 1060 541 integritate
1096 483 1148 526 et
1181 477 1447 541 prudentia
1463 497 1477 538 3
1512 495 1719 542 quorum

226 558 409 606 nullius
434 558 682 606 sententia
706 563 782 607 est
807 557 1109 622 Oppianicus
1133 554 1403 607 absolutus.
1476 559 1644 623 Atque
1667 560 1719 608 in
1771 575 1794 620 5

226 639 303 687 his
339 639 569 688 omnibus
603 645 724 687 natu
760 639 1009 699 minimus,
1048 639 1247 704 ingenio
1289 646 1339 688 et
1371 639 1630 704 diligentia
1670 647 1720 689 et

226 720 461 785 religione
531 737 620 784 par
687 719 757 769 eis
826 736 948 784 quos
1006 726 1152 769 antea
1209 721 1600 781 commemoravi,
1662 721 1716 770 P.

103 800 203 853 108
227 801 466 862 Saturius,
506 802 559 850 in
606 801 778 851 eadem
826 802 1073 850 sententia
1112 802 1222 851 fuit.
1294 802 1337 851 O
1385 803 1720 852 innocentiam

226 883 488 947 Oppianici
553 883 867 947 singularem,
933 900 1031 947 quo
1093 883 1147 932 in
1213 900 1297 932 reo
1358 884 1443 947 qui
1507 884 1720 933 absolvit

223 965 528 1025 ambitiosus,
579 965 666 1029 qui
723 964 919 1013 distulit
978 971 1164 1025 cautus,
1226 965 1313 1029 qui
1371 965 1720 1015 condemnavit
1747 985 1796 1015 10

224 1052 454 1095 constans
479 1046 791 1094 existimatur
811 1050 821 1095 l

290 1127 534 1176 XXXIX.
574 1127 711 1175 Haec
743 1133 852 1175 tum
884 1131 1061 1191 agente
1091 1126 1323 1187 Quinctio
1349 1143 1510 1191 neque
1533 1127 1586 1175 in
1611 1144 1721 1176 con-

222 1210 359 1259 tione
382 1226 543 1274 neque
567 1209 619 1258 in
644 1209 826 1258 iudicio
851 1208 1192 1257 demonstrata
1216 1214 1362 1269 sunt3
1403 1226 1562 1273 neque
1586 1209 1719 1258 enim

223 1292 326 1356 ipse
350 1291 447 1340 dici
472 1291 757 1356 patiebatur
780 1307 868 1339 nec
900 1306 989 1353 per
1019 1289 1394 1338 multitudinem
1423 1290 1719 1339 concitatam

224 1373 488 1422 consistere
524 1372 754 1435 cuiquam
789 1372 841 1419 in
878 1370 1087 1420 dicendo
1112 1370 1314 1420 licebat.
1402 1370 1580 1435 Itaque
1614 1371 1719 1435 ipse
1747 1387 1793 1430 15

224 1461 486 1520 postquam
522 1455 722 1504 Iunium
758 1453 1012 1518 pervertit,
1051 1459 1211 1502 totam
1251 1470 1447 1502 causam
1489 1453 1689 1517 reliquit
1706 1473 1719 1515 3

223 1538 391 1601 paucis
424 1537 555 1586 enim
589 1536 763 1585 diebus
795 1535 893 1584 illis
925 1541 977 1583 et
1003 1535 1108 1598 ipse
1135 1534 1362 1599 privatus
1386 1541 1461 1584 est
1484 1535 1646 1583 factus
1668 1540 1720 1584 et

224 1618 481 1667 hominum
506 1617 672 1666 studia
696 1616 963 1666 defervisse
991 1616 1325 1681 intellegebat.
1399 1616 1543 1676 Quod
1567 1616 1608 1664 si
1633 1633 1720 1680 per

224 1717 347 1765 quos
393 1700 499 1749 dies
537 1699 739 1748 Iunium
786 1699 1034 1747 accusavit
1080 1698 1446 1747 Fidiculanium
1492 1714 1718 1747 accusare

224 1781 472 1840 voluisset,
501 1779 831 1845 respondendi
863 1779 1174 1828 Fidiculanio
1208 1785 1425 1843 potestas
1457 1780 1588 1829 facta
1618 1796 1716 1829 non
1742 1795 1796 1823 20

224 1868 366 1912 esset.
439 1862 513 1910 Ac
544 1861 704 1925 primo
736 1860 939 1925 quidem
971 1860 1200 1909 omnibus
1232 1860 1330 1909 illis
1359 1860 1604 1909 iudicibus
1633 1861 1719 1924 qui

104 1940 202 1991 1D9
225 1943 553 2008 Oppianicum
601 1942 988 1990 condemnarant
1033 1942 1329 1990 minabatur.
1421 1942 1527 1990 Iam
1574 1942 1719 1990 insol-

226 2026 411 2074 entiam
446 2024 635 2073 noratis
671 2023 897 2083 hominis,
942 2023 1129 2071 noratis
1171 2023 1361 2071 animos
1397 2023 1501 2072 eius
1537 2040 1591 2072 ac
1626 2023 1718 2086 spi·

223 2107 350 2154 ritus
386 2106 692 2154 tribunicios.
765 2104 910 2166 Quod
946 2111 1053 2153 erat
1089 2104 1271 2164 odium,
1311 2104 1363 2152 di
1398 2104 1714 2164 immortales,

225 2203 350 2251 quae
391 2186 633 2250 superbia,
678 2192 864 2250 quanta
904 2186 1184 2250 ignorantia
1225 2186 1313 2244 sui,
1360 2202 1509 2248 quam
1553 2186 1717 2249 gravis
1742 2197 1792 2240 25

225 2274 373 2332 atque
413 2267 739 2316 intolerabilis
781 2267 1090 2331 arrogantia!
1126 2266 1211 2330 qui
1257 2266 1382 2314 illud
1423 2267 1521 2315 iam
1556 2267 1717 2331 ipsum

225 2350 395 2398 acerbe
433 2349 617 2408 tulerit,
646 2365 708 2397 ex
744 2365 843 2412 quo
878 2348 965 2397 illa
999 2354 1118 2396 nata
1141 2354 1259 2396 sunt
1284 2347 1462 2407 omnia,
1488 2364 1588 2396 non
1624 2348 1717 2396 sibi
1742 2341 1745 2343 Α

224 2449 279 2481 ac
325 2431 599 2480 defensioni
645 2447 763 2479 suae
810 2429 1140 2479 condonatum
1197 2445 1300 2478 esse
1359 2429 1716 2493 Oppianicum:

282 2567 342 2605 12.
367 2571 525 2617 wenta,
551 2576 649 2605 s'rF:
679 2565 882 2616 micante,
906 2575 998 2603 Mw.
1061 2565 1122 2603 18.
1148 2563 1385 2614 defervisse,
1408 2575 1522 2603 s'rM:
1553 2564 1716 2604 deseru-

223 2643 316 2678 nsee,
341 2645 395 2670 w:
427 2628 693 2680 deferbuisse,
717 2642 834 2668 some
853 2628 976 2667 codd.
997 2627 1084 2667 and
1105 2627 1203 2666 edd.
1264 2628 1330 2667 25.
1363 2627 1621 2679 iynorantia,
1640 2639 1715 2668 s'r:

224 2693 448 2744 iynoratio,
472 2704 592 2733 FMW.
