1820 2956
579 99 708 149 PRO
743 98 807 148 A.
852 99 930 148 GL
943 98 1210 147 UENTIO.
1582 98 1641 143 35

143 241 458 300 corruptum:
529 235 567 282 si
629 233 779 282 doceo
837 250 936 282 non
997 234 1059 282 ab
1119 232 1319 291 Habito,
1373 231 1525 301 ‘vinco
1585 231 1646 279 ab

142 314 415 378 Oppianico
434 332 446 374 3
482 313 522 360 si
559 311 768 360 ostendo
794 311 855 359 ab
882 311 1172 374 Oppianico,
1201 325 1358 374 purgo
1386 308 1641 356 Habitum.

142 394 251 454 Qua
292 410 357 454 re,
398 393 491 442 etsi
531 393 649 440 satis
689 391 833 440 docui
882 392 1121 440 rationem
1173 391 1360 439 nullam
1396 390 1512 438 huic
1548 406 1648 438 cor-

142 474 404 539 rumpendi
465 473 633 522 iudicii
702 472 868 534 fuisse,
931 490 992 522 ex
1061 489 1158 536 quo
1219 471 1527 536 intellegitur
1587 471 1648 519 ab

97 554 118 598 5
143 556 417 620 Oppianico
443 571 546 604 esse
572 561 874 619 corruptum,
902 559 1069 603 tamen
1097 553 1158 602 de
1184 553 1270 602 illo
1302 552 1410 617 ipso
1435 558 1649 616 separat-

141 634 208 682 im
234 632 526 698 cognoscite.

210 713 399 763 XXIV.
428 714 596 777 Atque
622 730 711 777 ego
737 713 823 762 illa
839 730 938 762 non
960 712 1358 778 argumentabor,
1383 728 1510 776 quae
1531 717 1650 760 sunt

140 797 309 862 gravia
354 795 687 854 vehementer,
733 812 844 843 eum
893 795 1166 858 corrupisse
1205 794 1289 858 qui
1332 794 1382 841 in
1431 794 1649 857 periculo

141 878 303 938 fuerit,
350 894 463 927 eum
499 877 585 941 qui
627 877 874 936 metuerit,
915 893 1027 924 eum
1071 875 1157 939 qui
1201 892 1337 939 spem
1381 875 1555 923 salutis
1596 875 1646 923 in

71 979 119 1007 10
142 960 237 1009 alia
271 960 462 1008 ratione
498 975 596 1007 non
635 958 879 1018 habuerit,
908 975 1018 1006 eum
1059 958 1144 1021 qui
1181 974 1375 1021 semper
1410 956 1649 1022 singulari

141 1042 291 1092 fuerit
330 1041 547 1090 audacia.
622 1040 789 1089 Multa
826 1045 943 1088 sunt
977 1040 1082 1088 eius
1125 1038 1291 1100 modi3
1329 1055 1501 1087 verum
1538 1056 1650 1087 cum

141 1124 350 1172 habeam
387 1138 493 1171 rem
531 1138 631 1170 non
671 1121 875 1170 dubiam
915 1121 1001 1170 sed
1040 1125 1264 1184 apertam
1306 1125 1455 1184 atque
1497 1121 1651 1169 mani-

140 1206 331 1265 festam,
381 1203 690 1253 enumeratio
739 1203 1046 1267 singulorum
1096 1207 1502 1266 argumentorum
1550 1219 1651 1251 non

142 1293 217 1336 est
256 1285 543 1335 necessaria.
616 1284 744 1333 Dico
787 1283 840 1333 O.
887 1284 1032 1332 Aelio
1077 1283 1278 1331 Staieno
1320 1282 1471 1331 iudici
1510 1299 1651 1346 pecu·
1675 1292 1740 1344 65

71 1382 117 1426 15
141 1369 273 1417 niam
322 1367 559 1432 grandem
611 1366 831 1415 Statium
877 1365 1085 1414 Albium
1128 1364 1191 1413 ad
1233 1364 1652 1428 corrumpendum

141 1450 379 1499 iudicium
417 1448 623 1498 dedisse.
697 1448 834 1496 Num
858 1447 968 1511 quis
994 1449 1179 1511 negat?
1250 1445 1332 1507 Te,
1363 1445 1648 1510 Oppianice,

142 1531 350 1596 appello,
377 1537 442 1592 te,
471 1530 526 1580 T.
557 1529 690 1590 Acci,
719 1546 932 1594 quorum
969 1528 1096 1577 alter
1132 1527 1417 1592 eloquentia
1452 1527 1653 1577 damna-

142 1615 327 1662 tionem
370 1613 521 1671 illam,
566 1611 691 1660 alter
733 1611 891 1660 vtacita
932 1611 1119 1674 pietate
1161 1609 1418 1673 deplorat:
1472 1609 1652 1659 audete

142 1713 322 1761 negare
347 1695 409 1744 ab
446 1694 723 1759 Oppianico
762 1693 964 1742 Staieno
990 1692 1142 1741 iudici
1166 1692 1427 1756 pecuniam
1466 1692 1648 1753 datam,

68 1793 120 1822 20
142 1784 334 1843 negate,
360 1777 579 1841 inquam,
607 1776 659 1824 in
694 1792 751 1824 eo
784 1775 911 1828 loco.
984 1773 1115 1835 Quid
1141 1774 1350 1823 tacetis'l
1385 1791 1447 1822 an
1473 1790 1652 1838 negare

142 1873 242 1906 non
299 1855 508 1920 potestis
566 1853 700 1918 quod
760 1853 1028 1917 repetistis,
1078 1851 1213 1916 quod
1261 1851 1470 1900 confessi
1518 1852 1649 1911 estis,

143 1934 277 1999 quod
301 1933 575 1982 abstulistis
596 1934 613 1981 2
683 1932 794 1992 Quo
818 1930 1022 1980 tandem
1058 1930 1212 1994 igitur
1237 1946 1320 1978 ore
1344 1929 1652 1978 mentionem

144 2015 361 2079 corrupti
418 2013 589 2063 iudicii
648 2013 826 2071 facitis,
876 2029 990 2060 cum
1037 2012 1100 2060 ab
1147 2011 1244 2060 ista
1300 2017 1441 2075 parte
1499 2011 1652 2060 iudici

145 2097 403 2163 pecuniam
445 2101 560 2145 ante
601 2094 844 2144 iudicium
886 2094 1070 2152 datam,
1102 2098 1217 2157 post
1249 2093 1486 2141 iudicium
1521 2110 1654 2157 erep-

71 2198 120 2241 25
145 2186 247 2228 tam
306 2195 410 2227 esse
468 2176 763 2226 fateamini?
859 2175 1086 2236 Quonam
1135 2174 1291 2239 igitur
1337 2174 1457 2223 haec
1504 2174 1652 2223 modo

145 2266 284 2325 gesta
307 2261 461 2308 sunt?
530 2258 774 2323 Repetam
799 2257 948 2321 paulo
981 2256 1144 2316 altius,
1173 2256 1374 2316 iudices,
1404 2262 1454 2304 et
1486 2257 1654 2305 omnia
1676 2259 1743 2312 66

148 2357 272 2406 quae
312 2340 365 2389 in
404 2340 642 2388 diuturna
682 2339 983 2388 obscuritate
1024 2338 1280 2387 latuerunt
1321 2338 1389 2386 sic
1436 2338 1654 2402 aperiam

147 2429 205 2471 ut
251 2438 308 2471 ea
354 2438 550 2471 cernere
599 2421 754 2470 oculis
800 2419 1083 2469 videamini.
1180 2419 1284 2468 Vos
1343 2426 1655 2483 quaeso—ut

149 2503 308 2552 adhuc
346 2519 424 2551 me
463 2507 655 2551 attente
693 2501 1095 2551 audistis—item
1135 2518 1261 2565 quae
1302 2501 1495 2565 reliqua
1536 2507 1655 2551 sunt

205 2638 267 2678 12.
302 2636 440 2686 habes,
463 2648 525 2677 ST.
585 2637 650 2678 20.
685 2636 732 2677 in
761 2649 820 2685 eo,
844 2650 976 2688 many
1001 2635 1125 2675 codd.
1153 2635 1240 2675 and
1267 2635 1387 2676 edd.:
1430 2649 1532 2687 meo,
1561 2647 1650 2678 s'rF.

150 2719 222 2754 an,
245 2716 322 2746 ST:
353 2710 411 2753 at,
438 2719 480 2745 ω.
541 2706 607 2745 29.
641 2706 752 2753 item,
779 2719 837 2745 w:
869 2710 915 2744 uc
935 2704 1047 2753 icem,
1074 2715 1135 2744 sm.
