1820 2956
166 166 228 213 10
339 237 342 239 v
596 163 726 212 PRO
767 164 831 214 A,
873 162 1220 213 CLUE'NTIO.

163 296 279 356 iosa,
320 296 561 347 crudelis:
602 296 827 346 instituit
863 303 1184 357 accusatores,
1226 296 1432 345 instruit
1471 301 1658 346 testes:

163 377 389 442 squalore
414 379 561 427 huius
595 384 645 427 et
677 378 904 427 sordibus
933 378 1163 437 laetatur,
1191 378 1400 427 exitium
1433 383 1655 442 exoptat,

164 460 453 524 sanguinem
512 476 658 508 suum
716 459 1019 524 profundere
1078 476 1275 508 omnem
1334 459 1484 523 cupit,
1537 458 1658 507 dum

163 538 311 586 modo
343 537 602 601 profusum
635 537 782 586 huius
813 544 930 586 ante
954 537 1133 587 videat.
1209 536 1347 585 Haec
1370 537 1463 585 nisi
1495 536 1660 585 omnia

164 619 516 683 perspexeritis
558 619 610 668 in
652 635 810 678 causa,
851 625 1036 668 temere
1076 635 1106 667 a
1146 618 1288 667 nobis
1325 617 1462 665 illam
1497 616 1660 682 appel·
1712 626 1736 671 5

94 753 99 756 ,
162 701 255 749 lari
291 706 553 766 putatote:
592 701 668 749 sin
711 707 860 749 erunt
902 706 954 749 et
994 707 1168 764 aperta
1210 708 1261 748 et
1301 699 1503 758 nefaria,
1548 698 1662 748 Clu-

164 783 299 831 entio
336 783 589 847 ignoscere
627 781 874 831 debebitis
912 781 1047 845 quod
1079 781 1199 830 haec
1230 797 1260 829 a
1290 797 1370 829 me
1405 779 1503 828 dici
1537 779 1661 844 pati-

163 870 304 914 atur:
340 864 463 912 mihi
498 864 749 929 ignoscere
785 880 886 912 non
921 863 1185 923 deberetis„
1223 862 1264 911 si
1298 868 1526 911 tacerem.

75 943 140 995 19
230 944 343 994 VII.
385 945 533 994 Nunc
573 946 673 994 iam
705 945 991 994 summatim
1025 961 1271 1008 exponam
1307 943 1488 1008 quibus
1524 941 1662 991 crim-

165 1027 328 1075 inibus
367 1026 671 1092 Oppianicus
713 1026 978 1074 damnatus
1021 1026 1101 1083 sit,
1139 1031 1198 1073 ut
1239 1030 1290 1074 et
1332 1023 1658 1073 constantiam
1690 1033 1739 1062 ¹0

164 1109 224 1156 A.
253 1107 454 1157 Cluenti
487 1112 538 1156 et
569 1108 815 1156 rationem
846 1106 1173 1155 accusationis
1205 1105 1483 1171 perspicere
1513 1103 1663 1168 possi-

165 1189 229 1238 tis
238 1207 251 1250 3
283 1206 339 1238 ac
362 1189 579 1254 primum
605 1206 750 1237 causa
774 1187 1037 1237 accusandi
1061 1204 1187 1252 quae
1212 1187 1364 1236 fuerit
1388 1185 1659 1244 ostendam,

164 1278 223 1320 ut
245 1270 299 1319 id
323 1271 486 1335 ipsum
519 1270 580 1319 A.
611 1269 900 1320 Cluentium
933 1270 983 1319 vi
1018 1286 1074 1318 ac
1109 1269 1403 1318 necessitate
1439 1275 1663 1316 coactum

75 1351 141 1403 20
165 1352 337 1401 fecisse
361 1351 587 1401 videatis.
646 1350 774 1401 Cum
797 1351 1062 1400 manifesto
1087 1366 1336 1399 venenum
1360 1347 1664 1413 deprehend-
1686 1414 1689 1416 Α

164 1434 286 1483 isset
326 1433 460 1498 quod
501 1433 580 1483 vir
619 1433 793 1481 matris
841 1432 1146 1497 Oppianicus
1187 1431 1234 1480 ei
1279 1430 1568 1495 paravisset,
1612 1435 1664 1478 et
1691 1440 1737 1484 15

165 1533 243 1566 res
275 1533 375 1565 non
407 1515 703 1574 coniectura,
732 1514 820 1563 sed
855 1514 1009 1564 oculis
1042 1532 1098 1562 ac
1129 1513 1360 1562 manibus
1391 1516 1661 1571 teneretur,

166 1614 326 1661 neque
361 1597 415 1646 in
450 1614 596 1646 causa
630 1596 733 1645 ulla
768 1595 1018 1645 dubitatio
1053 1601 1223 1659 posset
1259 1610 1376 1654 esse,
1414 1592 1665 1642 accusavit

167 1678 524 1744 Oppianicum:
573 1695 723 1742 quam
765 1684 1051 1727 constanter
1092 1683 1144 1726 et
1184 1693 1333 1740 quam
1379 1675 1660 1740 diligenter,

165 1768 339 1826 postea
370 1760 563 1810 dicam:
600 1777 732 1809 nunc
765 1760 857 1808 hoc
890 1759 1012 1808 scire
1036 1775 1126 1807 vos
1152 1757 1301 1819 volui,
1329 1757 1516 1806 nullam
1549 1757 1664 1805 huic

165 1843 314 1892 aliam
354 1842 616 1892 accusandi
658 1859 854 1890 causam
894 1842 1046 1890 fuisse
1088 1840 1183 1888 nisi
1230 1839 1306 1888 uti
1352 1839 1664 1904 propositum
1690 1850 1742 1879 20

166 1925 299 1974 vitae
345 1922 621 1989 periculum
669 1928 720 1972 et
766 1922 1040 1972 cotidianas
1089 1920 1265 1985 capitis
1311 1920 1516 1969 insidias
1574 1920 1665 1968 hac

166 2023 266 2055 una
300 2005 493 2054 ratione
518 2005 714 2053 vitaret.
788 2004 958 2068 Atque
990 2009 1049 2052 ut
1080 2002 1383 2067 intellegatis
1413 2003 1482 2050 eis
1506 2018 1667 2050 accus-

167 2094 306 2137 atum
331 2103 437 2136 esse
463 2086 751 2135 criminibus
777 2085 1109 2150 Oppianicum
1138 2090 1197 2133 ut
1224 2100 1384 2148 neque
1410 2090 1666 2132 accusator

167 2169 342 2219 timere
366 2184 527 2231 neque
551 2183 663 2216 reus
689 2183 885 2231 sperare
915 2166 1158 2224 debuerit,
1186 2182 1342 2229 pauca
1367 2165 1506 2213 vobis
1531 2164 1665 2212 illius

167 2250 338 2300 iudicii
375 2249 579 2298 crimina
615 2265 862 2312 exponam
880 2266 894 2309 ;
930 2247 1110 2311 quibus
1146 2246 1357 2311 cognitis
1394 2263 1538 2294 nemo
1563 2262 1667 2295 ves·
1691 2256 1742 2299 25

167 2340 303 2382 trum
349 2331 614 2380 mirabitur
671 2330 813 2378 illum
870 2329 1181 2377 diffidentem
1239 2328 1386 2376 rebus
1444 2328 1545 2376 suis
1602 2326 1666 2375 ad

169 2414 428 2464 Staienum
462 2419 614 2475 atque
649 2410 713 2459 ad
748 2410 1008 2475 pecuniam
1044 2409 1334 2473 confugisse.

80 2497 143 2548 21
236 2495 441 2544 Larinas
489 2492 733 2557 quaedam
779 2491 877 2540 fuit
922 2491 1127 2551 Dinaea,
1173 2506 1340 2539 socrus
1388 2489 1662 2554 Oppianici,

170 2593 296 2641 quae
337 2575 464 2624 filios
505 2574 684 2622 habuit
708 2573 777 2620 M.
815 2578 866 2621 et
907 2571 971 2620 N.
999 2571 1182 2619 Aurios
1225 2577 1276 2619 et
1312 2570 1400 2620 Cn.
1440 2569 1667 2636 Magium

224 2696 262 2735 6.
296 2693 374 2741 sin,
399 2703 503 2732 Ps'r:
534 2690 601 2730 sin
620 2695 775 2738 autem,
798 2700 873 2728 ΕΜ.
927 2690 964 2731 7.
999 2687 1208 2736 debebitis,
1232 2699 1284 2727 P:
1317 2687 1480 2736 debetis,
1501 2703 1542 2728 ω.
1596 2688 1660 2727 22.

171 2759 337 2806 vitaret,
353 2769 379 2796 P
391 2755 478 2796 and
491 2770 542 2795 w:
565 2755 750 2803 evitaret,
767 2765 825 2792 ST.
874 2753 938 2792 24.
965 2751 1165 2800 debuerit,
1182 2763 1207 2790 P
1219 2751 1306 2790 and
1319 2765 1371 2791 w:
1390 2751 1589 2803 potuerit,
1600 2763 1661 2793 ST.
