1820 2956
150 105 213 150 30
579 104 712 154 PRO
752 105 816 154 A.
859 105 937 154 CL
949 105 1216 155 UENTIO.

147 241 316 286 statim
356 255 455 287 non
494 238 622 287 fecit.
696 238 873 287 Voluit
910 255 1200 303 cognoscere
1246 247 1415 289 utrum
1457 241 1642 291 iudices

145 318 324 367 ineos
373 319 501 368 solos
549 325 714 368 essent
759 321 916 368 severi
959 337 1082 384 quos
1124 338 1371 370 venenum
1412 322 1642 372 habuisse

144 399 276 464 ipsos
312 401 676 464 comperissent,
706 417 769 448 an
805 401 955 449 etiam
991 402 1194 450 consilia
1222 403 1642 467 conscientiasque

145 481 248 530 eius
306 481 443 530 modi
499 481 773 530 facinorum
831 482 1071 546 supplicio
1130 482 1305 547 dignas
1350 483 1637 533 iudicarent.

145 561 319 625 Itaque
368 562 421 611 G.
467 562 760 622 Fabricium,
811 579 960 626 quem
1006 571 1210 627 propter
1255 564 1642 614 familiaritatem

145 642 405 706 Oppianici
443 643 691 691 conscium
733 642 807 691 illi
848 643 1055 692 facinori
1095 644 1245 693 fuisse
1293 645 1638 706 arbitrabatur,

143 739 281 772 reum
322 724 494 773 statim
545 724 679 783 fecit,
722 724 896 788 utique
932 725 976 773 ei
1012 724 1148 774 locus
1182 726 1372 789 primus
1408 727 1643 776 constitu-

143 810 309 854 eretur
376 810 579 869 propter
647 821 819 854 causae
882 806 1280 855 coniunctionem
1338 807 1636 871 impetravit.

144 885 240 934 Hic
276 891 384 934 tum
425 885 680 934 Fabricius
721 903 822 935 non
860 886 1007 935 modo
1049 887 1113 936 ad
1153 905 1231 937 me
1273 905 1407 938 meos
1454 889 1641 938 vicinos

143 971 194 1015 et
238 966 419 1015 amicos
477 966 781 1015 Aletrinates
840 984 942 1016 non
989 967 1215 1029 adduxit,
1266 968 1351 1018 sed
1409 970 1514 1033 ipse
1572 971 1641 1019 eis

141 1063 300 1111 neque
358 1046 696 1096 defensoribus
744 1048 819 1096 uti
865 1054 1037 1112 postea
1083 1066 1244 1113 neque
1302 1049 1641 1100 laudatoribus

55 1123 119 1176 57
142 1127 341 1190 potuit,
399 1144 505 1176 rem
563 1128 696 1176 enim
755 1128 1003 1192 integram
1061 1129 1277 1179 hominis
1335 1148 1435 1180 non
1493 1132 1642 1182 alieni

143 1208 367 1272 quamvis
437 1209 756 1273 suspiciosam
826 1209 1092 1259 defendere
1156 1210 1480 1261 humanitatis
1538 1229 1642 1262 esse

99 1282 107 1289 ⁶
142 1290 452 1353 putabamus,
481 1290 750 1339 iudicatam
774 1290 1071 1340 labefactare
1096 1292 1262 1340 conari
1286 1292 1636 1357 impudentiae.

142 1371 316 1435 Itaque
362 1377 471 1420 tum
531 1371 615 1420 ille
673 1372 842 1435 inopia
888 1378 939 1420 et
995 1373 1288 1422 necessitate
1346 1380 1542 1424 coactus
1587 1376 1640 1424 in

141 1469 286 1502 causa
343 1453 447 1501 eius
505 1452 642 1501 modi
700 1452 763 1501 ad
823 1452 1085 1517 Caepasios
1154 1454 1331 1503 fratres
1401 1456 1637 1520 confugit,

140 1533 365 1583 homines
403 1534 677 1583 industrios
716 1539 864 1598 atque
904 1551 961 1583 eo
1002 1534 1167 1583 animo
1205 1541 1263 1584 ut
1304 1553 1639 1602 quaecumque

140 1615 336 1664 dicendi
393 1621 612 1678 potestas
672 1621 800 1663 esset
858 1614 977 1663 data
1033 1615 1086 1663 in
1137 1615 1323 1666 honore
1382 1623 1529 1682 atque
1586 1619 1639 1668 in

139 1695 377 1744 beneficio
405 1701 658 1760 ponerent.
729 1695 868 1744 XXI.
909 1695 1016 1744 Iam
1042 1696 1133 1745 hoc
1158 1713 1309 1761 prope
1334 1699 1638 1763 iniquissime

139 1782 477 1841 comparatum
514 1781 589 1825 est
624 1776 756 1840 quod
792 1776 844 1824 in
879 1776 1064 1825 morbis
1084 1779 1324 1841 corporis,
1352 1785 1409 1828 ut
1432 1781 1639 1845 quisque

139 1864 215 1907 est
273 1857 602 1918 difficillimus,
665 1857 737 1905 ita
807 1857 1027 1906 medicus
1096 1858 1430 1910 nobilissimus
1489 1868 1638 1926 atque

139 1940 356 2003 optimus
398 1939 666 2002 quaeritur,
709 1939 762 1987 in
802 1938 1034 2002 periculis
1082 1940 1268 2003 capitis,
1314 1948 1371 1989 ut
1416 1959 1638 2007 quaeque

139 2037 283 2069 causa
306 2019 595 2068 difficillima
619 2024 706 2079 est,
734 2019 806 2068 ita
830 2019 1126 2068 deterrimus
1169 2021 1638 2088 obscurissimusque

126 2109 374 2166 >patronus
411 2101 707 2161 adhibetur;
743 2100 840 2148 nisi
876 2101 1005 2149 forte
1040 2101 1132 2150 hoc
1169 2118 1342 2151 causae
1380 2110 1467 2165 est,
1504 2105 1637 2169 quod

137 2183 313 2232 medici
351 2182 475 2230 nihil
511 2187 708 2245 praeter
742 2181 1019 2241 artificium,
1048 2187 1267 2231 oratores
1298 2185 1447 2233 etiam
1476 2192 1637 2235 aucto-

48 2261 114 2314 58
136 2265 337 2313 ritatem
363 2269 611 2327 praestare
636 2262 831 2311 debent.
906 2261 1104 2311 Citatur
1127 2281 1253 2323 reus,
1281 2266 1447 2329 paucis
1473 2268 1637 2316 verbis

137 2351 342 2404 accusat,
382 2350 439 2392 ut
474 2343 536 2392 de
571 2360 623 2393 re
659 2343 888 2403 iudicata,
927 2343 1235 2394 Cannutius:
1278 2347 1454 2410 incipit
1488 2347 1635 2412 longo

192 2508 254 2547 19.
289 2506 400 2555 Iam,
421 2505 567 2545 codd:
602 2518 717 2545 nam.
739 2505 850 2556 conj.
873 2505 1101 2557 Pluygers,
1122 2506 1304 2559 Madvig
1325 2509 1407 2560 (cp.
1428 2510 1530 2558 546,
1550 2511 1630 2559 16).

134 2571 199 2611 24.
224 2571 307 2610 nisi
316 2571 434 2621 forte
512 2570 670 2618 debent,
690 2581 738 2609 ST
757 2568 825 2610 b2:
859 2583 942 2609 om.
964 2581 1038 2610 ΕΜ.
1092 2571 1158 2610 26.
1185 2571 1333 2620 (After
1349 2575 1472 2622 reus),
1490 2573 1636 2625 ayitur

135 2649 279 2684 causa,
302 2647 432 2675 FMW:
453 2648 534 2674 om.
555 2645 598 2674 s:
619 2645 646 2674 'r
666 2634 826 2673 inserts
853 2634 1051 2674 between
1077 2635 1230 2685 paucis
1245 2636 1331 2676 and
1357 2637 1502 2677 verbis.
1562 2637 1633 2678 An

134 2699 315 2739 obvious
334 2699 466 2739 index
487 2698 612 2738 mark
631 2714 639 2738 ι
671 2711 741 2738 see
762 2697 913 2740 NoteS.

1670 986 1719 1016 10

1664 1804 1717 1833 20
