1820 2956
183 117 244 162 34
617 114 747 162 PRO
784 114 847 162 Α.
892 113 1251 163 CLUENTJO.

180 265 273 309 me,
299 249 340 297 si
364 248 606 298 mentior:
643 248 848 296 testium
883 247 1016 296 dicta
1045 248 1226 296 recita:
1262 247 1382 296 doce
1407 248 1457 295 in
1483 247 1680 296 illorum

181 330 377 381 iudiciis
425 329 545 393 quid
592 334 788 392 praeter
834 329 927 378 hoc
974 346 1219 378 venenum
1273 329 1534 394 Oppianici
1580 345 1681 378 non

181 411 328 460 modo
352 412 405 459 in
430 411 662 471 criminis,
691 410 778 459 sed
813 411 864 458 in
898 410 1024 459 male
1050 410 1171 459 dicti
1195 410 1302 459 loco
1328 411 1394 459 sit
1418 411 1676 459 obiectum.

93 497 160 550 63
185 493 346 541 Multa
380 492 478 540 dici
513 498 723 555 possunt
747 508 845 555 qua
868 509 920 539 re
945 492 1018 540 ita
1041 509 1236 541 necesse
1272 492 1423 541 fuerit
1458 492 1677 552 iudicari,

182 574 268 622 sed
292 591 381 638 ego
407 590 656 622 occurram
682 572 1039 636 exspectationi
1066 580 1271 632 vestrae,
1300 573 1500 623 iudiceS.
1551 573 1682 622 Nam

182 655 274 704 etsi
299 672 328 704 a
351 655 492 704 vobis
518 655 587 703 sic
613 654 788 703 audior
823 660 880 702 ut
915 671 1188 718 numquam
1223 655 1486 719 benignius
1521 671 1682 719 neque

182 737 423 786 attentius
471 753 770 801 quemquam
817 736 1045 784 auditum
1091 742 1277 801 putem,
1322 742 1491 785 tamen
1537 743 1683 785 vocat

182 836 260 867 me
301 818 398 867 alio
439 818 536 866 iam
575 817 765 866 dudum
808 817 959 866 tacita
999 824 1165 866 vestra
1205 818 1522 882 exspectatio,
1558 834 1681 882 quae

183 900 306 948 mihi
354 900 554 963 obloqui
602 899 832 948 videtur:
902 899 1051 963 ‘quid
1099 903 1248 964 ergo?
1298 916 1512 965 negasne
1558 899 1682 947 illud

182 982 421 1030 iudicium
480 998 583 1030 esse
642 987 927 1045 corruptum
954 982 995 1030 ’θ’
1105 980 1222 1029 Non
1279 997 1418 1045 nego,
1474 980 1559 1029 sed
1621 981 1682 1029 ab

182 1063 274 1112 hoc
310 1069 598 1126 corruptum
640 1079 740 1111 non
783 1078 888 1111 esse
925 1063 1173 1111 confirmo.
1267 1063 1345 1110 ‘A
1383 1078 1481 1125 quo
1531 1061 1684 1126 igitur

183 1150 259 1193 est
320 1143 670 1208 corruptum‘l'
790 1144 996 1207 Opinor,
1059 1144 1290 1208 primum,
1340 1144 1381 1191 si
1438 1144 1684 1192 incertum

183 1226 358 1275 fuisset
404 1226 632 1290 quisnam
682 1226 846 1274 exitus
894 1226 1027 1274 illius
1073 1225 1246 1274 iudicii
1292 1226 1493 1274 futurus
1541 1232 1681 1285 esset,

182 1308 287 1357 veri
323 1308 533 1356 similius
569 1313 736 1356 tamen
774 1313 902 1356 esset
935 1324 1049 1356 eum
1086 1307 1250 1371 potius
1287 1307 1567 1370 corrupisse
1598 1307 1683 1371 qui

183 1390 441 1443 metuisset
486 1405 549 1438 ne
596 1389 701 1454 ipse
749 1388 1174 1449 condemnaretur,
1216 1405 1365 1452 quam
1411 1387 1552 1436 illum
1599 1388 1684 1452 qui

182 1472 370 1520 veritus
429 1476 557 1520 esset
614 1487 676 1519 ne
734 1470 860 1519 alter
918 1470 1290 1531 absolveretur3
1348 1469 1527 1518 deinde
1574 1486 1684 1517 cum

183 1558 312 1602 esset
352 1569 452 1601 non
493 1551 702 1600 dubium
744 1551 866 1615 quid
907 1551 1114 1600 iudicari
1155 1568 1350 1600 necesse
1393 1557 1533 1612 esset,
1572 1568 1684 1600 eum

183 1639 314 1683 certe
361 1634 526 1698 potius
574 1634 659 1697 qui
708 1634 802 1682 sibi
850 1633 946 1682 alia
990 1633 1183 1682 ratione
1230 1633 1487 1693 diffideret,
1537 1651 1684 1698 quam

183 1732 296 1764 eum
349 1715 436 1779 qui
483 1715 619 1764 omni
659 1715 851 1764 ratione
899 1715 1168 1764 confideret
1186 1734 1199 1776 3
1257 1721 1508 1779 postremo
1555 1722 1684 1764 certe

183 1797 349 1862 potius
395 1796 536 1844 illum
585 1796 671 1860 qui
717 1797 793 1845 bis
842 1796 975 1860 apud
1022 1813 1104 1845 eos
1150 1797 1337 1845 iudices
1384 1796 1681 1855 offendisset,

95 1874 161 1926 64
184 1895 332 1943 quam
367 1895 481 1927 eum
516 1878 602 1941 qui
638 1878 713 1926 bis
756 1894 952 1926 causam
994 1878 1063 1926 618
1106 1878 1423 1942 probavisset.
1511 1877 1685 1927 Unum

184 1960 387 2024 quidem
423 1966 552 2008 certe
589 1976 734 2008 nemo
776 1960 872 2008 erit
913 1965 1016 2007 tam
1057 1960 1288 2009 inimicus
1330 1959 1562 2009 Cluentio
1600 1961 1685 2024 qui

185 2042 306 2090 mihi
347 2058 447 2090 non
490 2041 740 2101 concedat,
780 2041 820 2088 si
863 2046 1057 2089 constet
1092 2046 1380 2105 corruptum
1421 2041 1546 2089 illud
1582 2058 1685 2090 esse

184 2123 436 2182 iudicium,
499 2127 586 2170 aut
639 2121 700 2170 ab
754 2122 943 2170 Habito
1001 2127 1088 2171 aut
1139 2122 1202 2171 ab
1255 2122 1529 2188 Oppianico
1581 2139 1684 2172 esse

237 2309 275 2349 3.
309 2309 458 2357 locum,
482 2319 542 2348 sm.
606 2310 642 2349 6.
678 2308 766 2357 etsi,
793 2319 868 2348 ST:
898 2308 949 2357 si,
975 2324 1017 2348 ω.
1081 2309 1144 2349 10.
1177 2308 1385 2349 iudicium
1405 2321 1487 2349 6886
1511 2321 1683 2360 corrup-

183 2382 283 2425 tum,
305 2393 348 2426 ω,
365 2377 452 2417 and
473 2377 624 2426 Quint.
649 2377 707 2416 ix.
732 2378 771 2423 2,
794 2377 842 2417 51
865 2392 873 2416 ε
904 2376 995 2416 iud.
1021 2390 1129 2417 corr.
1153 2389 1250 2426 esse,
1275 2387 1337 2417 ST.
1402 2377 1463 2420 17.
1487 2390 1585 2423 non,
1607 2388 1681 2417 ST:

182 2446 353 2496 nemini,
374 2461 430 2486 w:
461 2459 555 2487 cum
575 2459 659 2486 non
678 2451 792 2495 esset,
811 2445 855 2486 J.
876 2444 918 2486 S.
944 2445 1071 2486 Reid.
1126 2447 1188 2486 18.
1213 2445 1318 2494 alia,
1343 2445 1488 2486 codd.:
1517 2445 1679 2497 aliqua,

183 2528 301 2555 some
331 2514 431 2554 edd.
483 2515 549 2554 21.
583 2513 645 2554 bis
670 2526 845 2553 causam
863 2515 933 2562 eis,
963 2529 1019 2554 w:
1051 2513 1111 2553 bis
1131 2527 1318 2563 causam,
1343 2525 1392 2554 ST
1419 2515 1516 2562 (om.
1543 2513 1612 2562 eis,
1637 2526 1684 2553 as

183 2584 309 2632 §50):
333 2582 393 2623 bis
406 2582 463 2622 eis
478 2582 565 2632 (118)
579 2594 768 2631 causam,
784 2594 902 2621 some
918 2581 1042 2622 codd.
1052 2612 1062 2630 ,
1078 2581 1166 2621 and
1182 2581 1347 2621 Baiter.
1385 2581 1451 2621 22.
1469 2580 1678 2630 inimicus,

183 2662 246 2700 ST,
279 2650 366 2690 and
395 2650 545 2699 Quint.
581 2663 620 2690 v,
652 2650 717 2699 10,
747 2650 829 2690 68:
860 2649 1046 2700 iniquus,
1069 2661 1191 2690 FMW.
1251 2650 1317 2690 23.
1350 2661 1434 2690 6836
1459 2648 1682 2696 iudicium,

185 2735 228 2768 ω,
251 2719 339 2759 and
360 2719 509 2768 Quint.
535 2719 628 2758 l.c.:
659 2717 868 2758 iudicium
888 2731 983 2768 esse,
1007 2729 1069 2759 ST.

1710 1001 1759 1029 10

1708 1811 1759 1839 20
