1858 2956
757 141 816 191 N
815 140 985 190 OTES.
1521 139 1612 188 147

124 278 262 332 really
283 279 435 320 affecta
462 278 536 319 the
557 276 695 318 whole
721 278 937 325 sentence,
968 275 1005 315 is
1031 288 1136 328 very
1161 288 1385 315 common:
1417 274 1467 314 de
1498 273 1614 334 Fato,

124 336 145 384 ἓ
164 335 202 382 3,
227 333 438 374 oratorias
462 333 771 373 exercitationes
791 343 873 370 non
896 336 942 369 tu
964 329 1146 381 quidem,
1169 335 1215 370 ut
1235 342 1369 380 spero,
1391 327 1612 379 reliquisti,

124 388 197 429 sed
222 393 328 428 certe
349 386 664 439 philosophiam
691 384 777 425 iilis
805 383 1103 434 anteposuisti:
1134 384 1194 424 ad
1215 383 1340 423 Fam.
1371 383 1429 423 iv.
1464 382 1543 431 §2,
1573 386 1618 420 at

124 447 270 482 contra
287 443 404 482 nobis
427 439 614 491 (videris)
635 452 719 479 non
741 444 787 479 tu
810 438 980 490 quidem
1003 451 1159 478 vacuus
1181 436 1392 486 molestiis,
1419 436 1492 477 sed
1509 447 1619 487 prae

124 496 240 536 nobis
259 495 400 535 beatus
417 511 426 535 :
457 495 581 535 Brut.
606 495 627 543 ἓ
650 494 738 542 128,
764 493 816 533 P.
841 492 982 543 Scipio
1062 505 1145 532 non
1164 493 1343 532 muttum
1362 491 1431 531 ille
1451 490 1620 542 quidem

124 562 195 590 nec
223 562 346 600 saepe
373 549 546 597 dicebat,
569 549 641 588 sed
661 558 703 588 ..·.
721 559 859 587 omnes
887 547 973 587 sale
991 546 1246 598 facetiisque
1274 545 1527 597 superabat:
1569 543 1620 583 de

125 603 221 643 Fin.
246 617 286 644 v,
311 603 375 651 20,
401 603 583 654 fruendi
612 601 734 663 relms
763 600 905 641 iis.
970 600 1210 641 Carneades
1243 613 1326 639 non
1356 600 1423 640 ille
1452 598 1621 651 quidem

126 663 273 697 auctor
308 657 379 697 sed
416 656 608 708 defensor
645 655 878 695 disserendi
915 668 1046 695 causa
1073 655 1195 705 fuit:
1252 654 1306 694 ib.
1350 654 1377 694 i.
1423 654 1486 702 16,
1528 665 1621 692 cum

125 711 358 751 miraretur
402 711 469 751 ille
521 709 689 762 quidem
739 714 963 761 utrumque
1009 709 1261 749 Phaedrum
1308 713 1449 748 autem
1495 709 1622 748 etiam

124 771 300 805 amaret.

258 835 402 872 tribus
425 834 580 872 verbis.
642 831 747 871 This
770 828 928 884 phr’ase
951 844 1100 871 occurs
1123 844 1171 870 as
1196 844 1222 870 a
1245 829 1561 883 colloquialism
1581 831 1624 879 (a

130 888 140 907 ‘
154 886 306 938 couple
326 886 371 926 of
389 885 573 936 words')
594 886 639 925 in
659 885 757 926 Mil.
784 885 898 926 βίον.
926 886 1030 926 1020
1047 901 1056 925 :
1088 898 1154 937 cp.
1180 885 1298 925 Trin.
1321 886 1412 934 963,
1434 890 1471 924 te
1491 883 1624 924 tribus

125 940 257 980 verbis
275 941 378 990 volo,
407 942 417 960 ‘
430 940 523 992 just
538 953 564 980 a
578 940 699 980 word
713 940 823 980 with
838 939 955 992 you.'
1012 939 1101 979 But
1116 939 1206 979 this
1222 940 1259 979 is
1274 942 1352 979 not
1367 952 1393 979 a
1408 938 1625 979 sufficient

127 1008 278 1034 reason
297 994 365 1034 for
384 994 592 1047 deleting,
611 994 722 1035 with
743 994 968 1047 Pluygers,
998 994 1208 1034 Venenum
1223 1007 1304 1034 esse
1323 993 1626 1046 deprehensum

125 1062 172 1088 as
192 1049 268 1088 the
287 1048 402 1102 gloss
418 1048 462 1088 of
482 1062 598 1089 some
613 1049 786 1102 copyist
803 1049 903 1088 who
918 1048 1077 1101 sought
1096 1051 1143 1088 to
1165 1048 1324 1101 supply
1338 1048 1463 1088 three
1479 1046 1626 1087 actual

126 1102 282 1143 words.
345 1103 423 1156 Cp.
449 1104 509 1143 ad
539 1104 660 1143 Fam.
695 1103 752 1143 ix.
790 1104 852 1143 19.
890 1104 925 1152 1,
961 1102 1094 1142 tribus
1117 1103 1275 1153 primis
1303 1102 1447 1142 verbis.
1512 1101 1627 1151 Quid

126 1163 266 1197 noster
284 1157 474 1198 Paetus?
530 1156 774 1198 Cannutius
793 1170 882 1197 was
896 1156 1111 1210 probably
1126 1156 1428 1197 well-advised
1443 1160 1490 1196 to
1511 1159 1626 1196 state

128 1212 204 1251 the
235 1211 497 1251 indictment
516 1212 562 1251 in
581 1211 757 1264 general
777 1215 912 1251 terms
928 1227 937 1252 :
968 1211 1093 1251 there
1113 1225 1201 1251 was
1224 1224 1280 1251 no
1300 1211 1507 1251 evidence
1526 1210 1627 1250 that

127 1266 204 1306 the
229 1266 383 1318 poison
411 1265 498 1306 had
526 1265 636 1306 been
660 1265 863 1305 detected
890 1279 942 1306 on
970 1265 1267 1307 Scamander-’s
1284 1278 1439 1316 person
1466 1265 1621 1315 (Intro.

127 1333 168 1372 p.
195 1320 315 1360 xviii.
329 1322 354 1370 ).

129 1442 158 1484 S
262 1390 359 1428 vita.
386 1392 432 1429 et
459 1391 671 1428 audacia:
703 1388 959 1441 hendiadys,
986 1388 1054 1428 his
1088 1390 1259 1428 ‘career
1286 1387 1331 1427 of
1359 1387 1627 1441 effrontery.'

160 1455 208 1482 ee
227 1455 283 1482 on
303 1444 324 1492 ξ
346 1444 408 1483 13.

262 1511 320 1548 ad
348 1511 593 1547 extremum
675 1511 879 1548 conclusa
902 1511 984 1556 est,
1012 1509 1023 1527 ‘
1039 1507 1307 1547 culminated
1336 1506 1413 1547 in.'
1469 1507 1526 1548 So
1547 1521 1627 1559 pro

130 1561 247 1602 Mur.
273 1563 295 1610 ξ
314 1563 380 1610 41,
405 1567 482 1601 tua
503 1575 593 1601 sors
675 1562 735 1601 ad
757 1567 988 1602 extremum
1012 1564 1043 1611 (‘
1060 1565 1107 1602 to
1133 1575 1279 1601 crown
1304 1561 1364 1601 all
1378 1561 1405 1612 ')
1429 1562 1628 1602 ludorum

129 1616 340 1667 voluptate
360 1615 634 1656 concluditur.

182 1684 213 1735 ἓ
234 1689 309 1724 51.
343 1694 503 1732 magno
531 1695 628 1724 cum
655 1689 788 1725 metu.
851 1685 936 1724 For
957 1684 1085 1724 other
1107 1684 1348 1724 references
1370 1688 1419 1725 to
1443 1685 1628 1725 Cicero's

129 1751 429 1786 nervousness,
457 1751 527 1778 see
553 1739 785 1791 especially
809 1739 860 1779 de
888 1739 960 1779 Or.
987 1740 1014 1778 i.
1044 1741 1065 1788 ξ
1087 1740 1177 1787 121,
1205 1739 1417 1790 Equidem
1495 1739 1542 1779 in
1564 1753 1628 1779 me

130 1793 221 1843 ipso
241 1791 482 1843 saepissime
501 1792 696 1843 experior
721 1799 765 1832 ut
792 1798 828 1833 et
852 1793 1111 1833 exalbescam
1136 1793 1183 1833 in
1200 1793 1433 1844 principiis
1459 1793 1629 1834 dicendi

131 1851 167 1886 et
206 1851 292 1885 tota
330 1852 462 1886 mente
499 1853 624 1898 atque
657 1847 833 1887 artubus
850 1847 1059 1890 ,omnibus
1096 1847 1440 1888 contremiscam:
1483 1849 1628 1888 where

131 1899 247 1940 Prof.
278 1900 471 1940 Wilkins
499 1914 720 1953 compares
751 1901 849 1942 Div.
883 1901 929 1941 in
959 1901 1079 1942 Caec.
1113 1904 1134 1950 ἓ
1162 1904 1230 1950 41,
1262 1902 1349 1941 and
1373 1916 1456 1954 pro
1484 1902 1621 1943 Deiot.

131 1956 152 2003 ξ
175 1956 210 1994 1.
271 1954 327 1994 So
347 1955 495 2002 Quint.
521 1956 579 1994 xi.
605 1957 638 1994 1.
664 1957 731 2003 44,
754 1955 833 1995 illa
860 1955 1070 1995 Ciceronis
1096 1955 1357 2007 confessione,
1392 1970 1475 1996 non
1506 1957 1628 1997 modo

132 2008 333 2102 23¹(ng20
349 2009 595 2049 commoveri
613 2010 686 2049 sed
705 2010 829 2049 etiam
847 2023 1020 2060 corpore
1035 2010 1127 2062 ipso
1141 2011 1452 2061 perhorrescere
1469 2027 1478 2051 :
1506 2011 1622 2052 Plut.

172 2075 219 2102 ic.
302 2094 310 2102 .

267 2130 446 2176 ingenii,
474 2130 485 2148 ‘
498 2127 687 2181 ability.’

267 2198 452 2259 virtutis
482 2200 629 2258 atque·
644 2199 783 2245 officii,
812 2197 1062 2266 ‘character
1085 2197 1172 2237 and
1196 2211 1317 2238 sense
1340 2198 1386 2238 of
1408 2198 1627 2263 honours:

135 2249 721 2345 &tiatiffittssfsssstaeffffli
741 2251 1630 2360 {f}811ssssszstZffissidiiiiiiffssssrssssissss

136 2370 254 2396 more
284 2357 393 2397 than
423 2371 503 2397 one
535 2359 662 2398 could
695 2359 900 2411 perform,
936 2373 1021 2400 non
1054 2360 1164 2400 enim
1190 2361 1406 2411 pudendo,
1443 2363 1515 2402 sed
1545 2376 1630 2403 non

124 2411 329 2462 faciendo
349 2412 395 2451 id
414 2413 526 2463 quod
544 2426 627 2453 non
646 2414 756 2453 decet
778 2414 1061 2464 impudentiae
1080 2428 1227 2454 nomen
1247 2415 1402 2466 effiyere
1422 2416 1626 2467 debemus,

136 2466 187 2505 de
209 2466 281 2505 Or.
307 2466 334 2505 i.
363 2468 384 2514 ξ
411 2466 512 2507 12Ο;
552 2480 607 2506 011
637 2467 714 2507 the
744 2468 870 2508 other
900 2468 1018 2508 hand
1049 2482 1129 2508 one
1155 2469 1301 2509 would
1331 2469 1385 2509 be
1415 2471 1560 2523 guilty
1586 2471 1632 2511 of

135 2518 222 2558 bad
249 2518 364 2559 faith
396 2520 620 2571 (perfidia)
647 2534 695 2561 or
723 2522 810 2562 else
837 2522 981 2563 would
1004 2523 1102 2575 give
1130 2523 1258 2576 proof
1279 2523 1325 2563 of
1352 2524 1631 2566 indifference

138 2573 426 2625 (ne9Ze9entia)
448 2574 482 2614 if
502 2588 582 2614 0110
602 2575 678 2615 did
697 2579 776 2616 not
794 2576 850 2616 do
870 2577 985 2617 one's
1004 2577 1113 2617 best.

272 2646 387 2689 quod
416 2653 503 2682 non
532 2647 696 2691 possim
724 2646 952 2695 [implere]
1016 2645 1198 2696 Implere
1229 2659 1331 2698 may
1359 2647 1497 2699 easily
1524 2647 1578 2688 be
1607 2662 1633 2688 a

137 2694 266 2747 gloss,
290 2697 457 2749 though
477 2711 532 2736 an
556 2697 772 2738 infinitive
797 2699 942 2739 would
965 2703 1043 2739 not
1064 2699 1118 2739 be
1142 2702 1220 2739 out
1243 2699 1288 2739 of
1310 2700 1444 2752 place.
1506 2701 1549 2741 If
1568 2716 1632 2743 we

138 2762 217 2788 can
251 2763 435 2802 suppose
469 2751 568 2791 that
600 2752 676 2791 im·
711 2765 834 2792 arose
863 2753 924 2805 by
953 2753 1240 2806 dittography
1269 2754 1384 2794 after
1408 2756 1567 2806 possim
1595 2758 1633 2797 it
