1858 2956
198 117 258 163 72
633 113 763 163 PRO
796 114 861 163 A.
906 114 1262 166 OLUENTIO.

194 264 326 307 voce,
371 255 428 296 ut
475 247 633 296 omnis
678 248 843 297 contio
883 249 1055 298 audire
1097 255 1275 313 posset,
1314 249 1446 298 dixit
1480 267 1531 299 se
1566 251 1689 300 scire

195 328 336 376 illum
360 328 524 376 verbis
550 328 799 392 conceptis
829 330 1099 393 peierasse:
1136 331 1176 379 si
1212 331 1297 394 qui
1334 338 1506 380 contra
1539 332 1690 381 vellet

195 408 371 469 dicere,
399 425 607 458 usurum
641 425 746 458 esse
775 426 886 459 eum
919 427 1008 459 suo
1032 411 1339 462 testimonio:
1375 411 1553 461 deinde
1578 430 1687 462 cum

195 505 340 538 nemo
365 495 536 538 contra
564 489 762 550 diceret,
790 490 934 540 iussit
966 508 1147 555 equum
1181 492 1448 542 traducere.
1525 493 1603 542 Ita
1630 494 1684 553 is,

195 570 333 619 cuius
362 570 568 619 arbitrio
598 578 649 620 et
680 571 892 635 populus
922 572 1174 622 Romanus
1207 579 1258 622 et
1290 580 1488 623 exterae
1516 581 1687 639 gentes
1740 591 1762 635 5

195 658 456 701 contentae
481 669 584 702 esse
603 660 914 713 consuerant,
932 654 1037 718 ipse
1062 671 1150 704 sua
1174 654 1378 705 scientia
1397 656 1459 704 ad
1484 656 1690 718 ignomi-

193 734 326 782 niam
345 733 550 783 alterius
568 741 830 784 contentus
855 752 955 784 non
978 736 1086 786 fuit.
1149 737 1293 798 Quod
1319 738 1358 785 si
1384 737 1475 786 hoc
1500 738 1687 788 Habito

193 815 351 864 facere
391 814 625 875 licuisset,
669 815 810 864 facile
857 815 956 865 illis
996 817 1116 881 ipsis
1157 818 1403 867 iudicibus
1445 825 1496 868 et
1536 819 1686 868 falsae

194 895 460 960 suspicioni
485 902 535 945 et
563 893 781 946 invidiae
810 898 1116 961 populariter
1139 899 1382 948 excitatae
1405 900 1682 950 restitisset.

71 976 170 1028 135
259 977 432 1026 Unum
472 977 622 1026 etiam
661 983 736 1026 est
774 978 906 1042 quod
944 995 1023 1028 me
1058 980 1273 1029 maxime
1308 981 1578 1045 perturbat,
1607 982 1685 1030 cui
1714 1001 1762 1030 10

192 1058 298 1107 loco
346 1058 642 1123 respondere
698 1059 784 1107 vix
842 1059 1017 1109 videor
1073 1078 1230 1125 posse,
1279 1060 1413 1126 quod
1471 1062 1684 1127 elogium

191 1139 410 1188 recitasti
452 1140 514 1189 de
555 1146 855 1189 testamento
898 1141 986 1190 Cn.
1034 1142 1215 1205 Egnati
1256 1142 1426 1206 patris,
1469 1142 1684 1192 hominis

189 1219 525 1269 honestissimi
583 1220 814 1270 videlicet
871 1227 922 1270 et
967 1223 1347 1286 sapientissimi:
1405 1224 1586 1273 idcirco
1632 1241 1683 1274 se

190 1301 513 1350 exheredasse
551 1301 708 1351 filium
746 1302 879 1366 quod
917 1303 960 1351 is
998 1303 1060 1352 ob
1099 1303 1358 1367 Oppianici
1394 1305 1682 1355 condemna-

189 1383 377 1432 tionem
437 1383 695 1447 pecuniam
751 1384 1031 1448 accepisset.
1137 1384 1213 1433 De
1272 1385 1411 1434 cuius
1468 1386 1682 1436 hominis
1711 1403 1758 1446 15

188 1463 393 1513 levitate
429 1470 480 1513 et
515 1465 847 1514 inconstantia
882 1465 1026 1528 plura
1060 1482 1159 1514 non
1196 1465 1385 1515 dicam:
1422 1467 1514 1516 hoc
1538 1474 1684 1517 testa·

188 1550 415 1594 mentum
453 1545 629 1610 ipsum,
668 1545 802 1609 quod
841 1546 1032 1605 recitas,
1060 1546 1162 1594 eius
1200 1547 1336 1596 modi
1375 1554 1451 1596 est
1488 1557 1546 1597 ut
1582 1549 1678 1609 ille,

189 1643 300 1674 cum
348 1643 456 1674 eum
507 1626 665 1675 filium
712 1626 1038 1676 exheredaret
1083 1644 1226 1692 quem
1271 1628 1456 1688 oderat,
1496 1630 1540 1679 ei
1581 1631 1680 1680 filio

188 1707 451 1757 coheredes
510 1707 735 1756 homines
800 1707 1122 1757 alienissimos
1183 1708 1475 1775 adiungeret
1534 1728 1682 1775 quem

188 1788 438 1853 diligebat.
501 1788 599 1837 Sed
623 1794 694 1849 tu,
723 1788 854 1850 Acci,
878 1789 1168 1850 consideres,
1192 1807 1379 1849 censeo,
1401 1791 1677 1857 diligenter,
1705 1810 1758 1838 20

188 1876 358 1918 utrum
389 1886 642 1918 censorum
675 1869 915 1918 iudicium
944 1887 1093 1934 grave
1118 1871 1242 1920 velis
1266 1889 1370 1921 esse
1396 1890 1458 1921 an
1483 1873 1676 1938 Egnati,

189 1950 242 1998 Si
266 1950 462 2014 Egnati,
490 1950 597 1999 leve
623 1956 698 1999 est
722 1950 857 2014 quod
894 1968 1117 2001 censores
1141 1952 1203 2001 de
1228 1954 1404 2002 ceteris
1441 1955 1683 2020 subscrip-

188 2037 382 2092 serunt3
416 2031 581 2095 ipsum
616 2032 751 2080 enim
787 2032 874 2082 Gn.
905 2032 1188 2097 Egnatium,
1215 2051 1362 2098 quem
1392 2042 1448 2083 tu
1479 2053 1680 2100 gravem

188 2129 291 2161 esse
330 2112 417 2172 vis,
457 2129 518 2161 ex
556 2119 733 2162 senatu
771 2113 1048 2163 eiecerunt:
1091 2115 1167 2162 sin
1205 2121 1370 2163 autem
1409 2133 1677 2179 censorum,

187 2195 316 2242 hunc
362 2193 644 2258 Egnatium,
684 2211 831 2258 quem
877 2201 1021 2259 pater
1061 2196 1281 2244 censoria
1321 2197 1680 2262 subscriptione
1703 2211 1753 2253 25

187 2274 522 2336 exheredavit,
550 2291 772 2324 censores
802 2275 853 2324 in
884 2282 1070 2335 senatu,
1099 2293 1210 2325 cum
1235 2284 1426 2341 patrem
1450 2280 1674 2340 eicerent,

186 2356 510 2405 retinuerunt.

242 2508 276 2547 1.
296 2512 447 2557 posset,
463 2506 584 2547 edd.:
607 2506 753 2557 possit,
770 2506 894 2546 codd.
913 2508 1030 2559 (cp.§
1049 2507 1154 2558 179).
1207 2510 1244 2549 4.
1270 2510 1357 2559 Ita,
1373 2522 1436 2551 ST:
1461 2511 1613 2563 itaque,
1631 2527 1672 2552 ω.

184 2572 221 2612 6.
260 2576 522 2620 consuerunt,
559 2570 682 2611 codd.
749 2573 808 2611 14.
842 2571 905 2620 ob,
938 2582 986 2612 S:
1022 2572 1146 2621 abyr:
1202 2574 1275 2622 ad,
1301 2589 1331 2613 ω
1361 2577 1442 2627 (cp.
1467 2576 1570 2624 547,
1592 2578 1671 2626 15).

184 2635 246 2674 21.
282 2648 507 2683 censorum,
530 2650 559 2674 ω
586 2637 648 2684 (as
668 2635 758 2675 also
780 2635 808 2675 1.
834 2636 920 2685 24):
951 2636 1198 2686 censorium,
1221 2649 1284 2687 ST,
1308 2639 1394 2678 and
1423 2639 1606 2688 Quintil.
1631 2654 1672 2681 v.

187 2700 245 2739 13.
273 2700 324 2739 33
345 2699 506 2748 (where
526 2699 726 2739 however
748 2699 930 2739 Meister
948 2714 1047 2740 now
1065 2701 1191 2742 reads
1211 2706 1454 2754 censorum).
