1820 2956
572 137 706 187 PRO
743 138 805 186 A.
850 136 1206 186 OLUENTIO.
1573 135 1635 183 67

137 273 364 338 privigno
401 289 488 321 suo
525 272 641 321 dare
677 271 840 331 vellet,
880 270 1143 319 manifesto
1185 269 1519 334 deprehensus
1555 268 1633 329 sit,

138 355 275 404 cuius
334 354 573 402 ministris
632 352 935 415 consciisque
995 351 1242 400 damnatis
1302 350 1406 414 ipse
1461 349 1638 398 adduc-

138 442 219 484 tus
267 436 318 483 in
365 435 604 483 iudicium
652 434 912 498 pecuniam
968 432 1120 481 iudici
1176 431 1372 481 dederit
1418 431 1480 480 ad
1535 447 1637 480 sen-

138 516 319 565 tentias
361 516 580 564 iudicum
622 513 1195 578 corrumpendas—dum
1242 513 1376 573 haec,
1417 513 1634 576 inquam,

92 616 115 660 5
138 597 198 646 de
257 596 531 661 Oppianico
590 596 903 654 constabunt,
965 612 1124 659 neque
1183 594 1286 643 ullo
1345 599 1638 658 argumento

139 678 464 728 Cluentianae
518 678 754 741 pecuniae
818 677 1004 725 crimen
1057 676 1325 737 tenebitur,
1389 675 1508 739 quid
1565 681 1640 724 est

138 759 270 823 quod
308 765 357 807 te
392 759 488 807 ista
524 758 745 807 censoria
779 758 883 807 sive
917 758 1149 806 voluntas
1182 758 1287 806 sive
1318 757 1487 820 opinio
1526 757 1635 815 fuit,

139 841 374 890 adiuvare
433 846 520 888 aut
584 839 715 887 hunc
778 839 1095 888 innocentem
1159 839 1439 903 opprimere
1499 855 1639 902 posse

139 922 404 970 videatur‘l

70 1027 118 1055 10
208 1001 358 1050 XLV.
401 1001 532 1062 Quid
568 1001 723 1065 igitur
757 1018 982 1050 censores
1019 1001 1174 1050 secuti
1211 1003 1364 1049 sunt?
1433 1001 1511 1050 Ne
1547 1000 1641 1065 ipsi
1666 1006 1765 1059 126

140 1083 354 1148 quidem,
391 1090 447 1132 ut
477 1083 768 1148 gravissime
801 1083 975 1144 dicam,
1012 1083 1274 1147 quicquam
1307 1082 1439 1131 aliud
1475 1082 1643 1131 dicent

139 1171 336 1229 praeter
377 1181 650 1213 sermonem
695 1170 845 1228 atque
886 1164 1104 1224 famam3
1151 1164 1279 1212 nihil
1321 1180 1372 1213 se
1412 1164 1638 1225 testibus,

139 1246 265 1294 nihil
325 1246 522 1306 tabulis,
573 1245 699 1294 nihil
756 1245 923 1309 aliquo
980 1246 1120 1310 gravi
1171 1251 1466 1310 argumento
1519 1263 1645 1294 com-

141 1328 336 1392 perisse,
373 1327 500 1375 nihil
536 1328 751 1391 denique
786 1344 932 1376 causa
964 1327 1163 1392 cognita
1195 1327 1427 1376 statuisse
1461 1327 1641 1378 dicent.

71 1429 116 1474 15
142 1410 284 1471 Quod
327 1410 367 1458 si
406 1411 478 1458 ita
514 1410 759 1470 fecissent,
802 1415 967 1458 tamen
1007 1409 1060 1457 id
1099 1426 1200 1458 non
1237 1409 1309 1457 ita
1346 1410 1500 1457 fixum
1541 1426 1644 1457 esse

141 1492 343 1540 deberet
389 1497 448 1540 ut
494 1490 704 1539 convelli
751 1507 853 1539 non
901 1490 1085 1540 liceret.
1158 1490 1276 1539 Non
1326 1496 1439 1538 utar
1486 1507 1646 1539 exem-

142 1574 336 1638 plorum
355 1573 507 1636 copia,
530 1590 655 1637 quae
681 1589 873 1621 summa
893 1579 967 1621 est
986 1591 999 1632 3
1035 1589 1135 1621 non
1160 1589 1265 1621 rem
1290 1578 1522 1631 veterem,
1544 1589 1645 1621 non

142 1656 391 1706 hominem
427 1661 686 1720 potentem
722 1654 939 1718 aliquem
973 1659 1060 1703 aut
1083 1654 1357 1718 gratiosum
1382 1654 1642 1718 proferam.

141 1738 314 1801 Nuper
329 1736 582 1786 hominem
601 1742 817 1795 tenuem,
841 1736 1049 1785 scribam
1071 1735 1367 1794 aedilicium,
1390 1735 1450 1784 D.
1473 1735 1648 1783 Matri-

67 1837 120 1866 20
142 1819 294 1878 nium,
315 1835 424 1867 cum
450 1817 783 1867 defendissem
808 1817 940 1880 apud
966 1817 1035 1865 M.
1059 1817 1260 1865 Iunium
1287 1816 1342 1877 Q.
1365 1816 1647 1865 Publicium

142 1906 392 1964 praetores
440 1905 491 1947 et
538 1898 609 1947 M.
655 1898 961 1947 Plaetorium
1009 1898 1063 1948 O.
1114 1898 1417 1946 Flaminium
1464 1898 1647 1947 aediles

143 1981 347 2039 curules,
375 1980 596 2044 persuasi
619 1986 678 2028 ut
703 1979 1090 2028 scribam-iurati
1114 1979 1336 2043 legerent
1362 1996 1475 2027 eum
1499 1995 1648 2043 quem

143 2062 275 2112 idem
311 2062 395 2110 isti
432 2077 656 2110 censores
693 2061 939 2110 aerarium
975 2061 1326 2124 reliquissent,
1368 2078 1479 2109 cum
1516 2061 1648 2109 enim

143 2138 195 2192 in
221 2144 420 2192 homine
443 2143 582 2192 nulla
607 2142 751 2206 culpa
775 2142 1097 2203 inveniretur,
1117 2142 1238 2206 quid
1264 2142 1347 2190 ille
1372 2143 1644 2203 meruisset,

71 2238 121 2281 25
145 2242 244 2274 non
292 2224 412 2288 quid
460 2224 521 2272 de
564 2240 620 2272 eo
668 2229 914 2272 statutum
963 2230 1105 2284 esset,
1157 2223 1496 2287 quaerendum
1545 2240 1648 2272 esse

146 2306 411 2355 duxerunt.
485 2305 617 2353 Nam
652 2305 772 2353 haec
814 2304 1015 2369 quidem
1058 2321 1182 2369 quae
1222 2305 1283 2354 de
1324 2304 1509 2353 iudicio
1551 2322 1649 2353 cor·
1674 2307 1766 2360 127

147 2393 294 2451 rupto
319 2387 726 2450 subscripserunt,
756 2387 866 2450 quis
892 2392 967 2435 est
992 2386 1076 2450 qui
1096 2387 1158 2434 ab
1184 2386 1281 2434 illis
1308 2386 1427 2434 satis
1453 2386 1650 2450 cognita

149 2475 199 2517 et
223 2467 486 2532 diligenter
511 2467 730 2516 iudicata
761 2468 1066 2516 arbitretur‘l
1124 2467 1183 2515 In
1210 2467 1289 2514 Μ’.
1315 2467 1574 2530 Aquilium
1601 2474 1651 2515 et

205 2604 242 2642 1.
283 2603 390 2642 dare
422 2603 552 2651 vellet,
576 2613 652 2642 s‘r:
703 2608 934 2654 quaereret,
973 2618 1003 2641 ω
1038 2604 1121 2654 (cp.
1156 2601 1404 2653 quaesitum,
1430 2603 1537 2650 §55‚
1561 2602 1645 2651 22).

154 2671 214 2711 11.
247 2672 405 2720 dicant,
429 2682 455 2710 F
485 2671 569 2720 (for
597 2672 770 2720 dicam).
831 2672 897 2712 23.
931 2671 1205 2720 reliquissent,
1233 2686 1287 2713 w:
1317 2670 1534 2722 reliquisse
1560 2670 1650 2710 sub-

151 2739 419 2790 scripserunt,
444 2751 522 2779 TF:
552 2739 767 2791 reliquisse
786 2739 1056 2790 scripserunt,
1081 2750 1115 2779 s.
