1858 2956
582 106 713 156 PRO
746 106 810 155 Α.
855 105 1214 155 CLUE'NTIO.
1581 106 1642 153 69

146 242 276 291 idem
323 242 471 290 facies
519 258 691 290 censor
736 241 786 289 in
837 246 1012 288 senatu
1065 238 1311 303 legendo‘i
1398 238 1449 286 Si
1499 244 1647 287 erunt

146 323 311 387 plures
347 323 430 387 qui
465 322 527 371 ob
563 322 880 371 innocentem
918 319 1350 369 condemnandum
1387 320 1645 383 pecuniam

146 404 437 467 acceperint,
465 410 521 452 tu
545 420 645 451 non
671 401 1037 450 animadvertes
1069 402 1118 449 in
1155 417 1338 460 omnes,
1368 400 1453 449 sed
1479 417 1645 463 carpes

146 491 204 533 ut
227 485 362 546 velis,
390 501 440 533 et
464 501 646 549 paucos
673 501 734 532 ex
767 483 938 532 multis
962 483 1025 531 ad
1051 483 1373 547 ignominiam
1401 482 1607 530 sortiere
1631 483 1647 530 2

100 582 123 626 5
149 566 370 615 Habebit
401 566 554 630 igitur
584 571 634 614 te
660 565 846 614 sciente
872 570 923 614 et
947 564 1150 613 vidente
1184 564 1319 612 curia
1351 569 1644 621 senatorem,

148 646 360 712 populus
407 647 662 696 Romanus
701 646 929 706 iudicem,
974 663 1052 694 res
1099 645 1297 709 publica
1344 645 1497 694 civem
1543 644 1648 693 sine

111 725 420 794 'ignominia
454 746 767 794 quemquam,
808 729 896 793 qui
943 728 1007 777 ad
1052 728 1323 792 perniciem
1369 726 1648 775 innocentis

147 811 296 861 fidem
321 828 458 860 suam
484 817 534 859 et
558 811 846 875 religionem
872 810 1081 874 pecunia
1106 809 1452 870 commutarit,
1490 814 1540 856 et
1564 808 1649 871 qui

148 893 309 957 pretio
349 892 594 941 adductus
641 892 880 956 eripuerit
925 891 1151 955 patriam,
1190 891 1428 946 fortunas,
1468 889 1649 938 liberos

78 995 127 1023 10
149 974 244 1023 civi
301 973 570 1033 innocenti,
621 973 662 1022 is
720 973 969 1022 censoriae
1034 972 1314 1020 severitatis
1373 978 1492 1020 nota
1549 988 1649 1020 non

149 1056 416 1105 inuretur?
499 1055 576 1104 Tu
615 1072 665 1104 es
703 1055 980 1119 praefectus
1027 1054 1261 1115 moribus,
1311 1060 1368 1102 tu
1415 1054 1651 1118 magister

150 1139 330 1187 veteris
356 1137 645 1201 disciplinae
675 1154 728 1185 ac
759 1136 1051 1197 severitatis,
1081 1136 1123 1184 si
1151 1142 1238 1184 aut
1270 1136 1455 1185 retines
1486 1151 1650 1198 quem-

151 1237 299 1283 quam
324 1219 481 1268 sciens
505 1219 557 1267 in
578 1225 754 1267 senatu
773 1218 953 1279 scelere
972 1223 1115 1266 tanto
1135 1216 1542 1277 contaminatum,
1566 1222 1653 1264 aut

152 1300 328 1349 statuis
354 1300 439 1364 qui
465 1300 517 1347 in
543 1299 717 1348 eadem
742 1299 887 1363 culpa
911 1299 976 1347 sit
1000 1316 1100 1347 non
1127 1298 1298 1347 eadem
1324 1315 1484 1361 poena
1509 1296 1653 1346 adfici

80 1398 126 1441 15
152 1382 450 1431 convenire?
518 1381 624 1430 Aut
649 1398 797 1445 quam
824 1380 1165 1430 condicionem
1190 1379 1420 1444 supplicii
1444 1379 1653 1429 maiores

151 1464 203 1512 in
231 1463 361 1512 bello
393 1462 656 1511 timiditati
688 1463 862 1511 militis
894 1462 1202 1526 propositam
1234 1478 1339 1510 esse
1371 1461 1651 1520 voluerunt,

152 1541 361 1591 eandem
392 1546 451 1589 tu
482 1540 533 1588 in
567 1557 685 1604 pace
718 1541 991 1590 constitues
1027 1540 1339 1601 improbitati
1374 1540 1655 1588 senatoris?

153 1622 297 1684 Quod
335 1622 377 1671 si
418 1621 511 1670 hoc
553 1621 835 1686 exemplum
878 1639 940 1670 ex
982 1639 1033 1670 re
1075 1621 1280 1670 militari
1328 1621 1388 1669 ad
1439 1621 1656 1669 animad-

152 1705 428 1754 versionem
454 1704 727 1752 censoriam
751 1703 1152 1752 transferendum
1179 1703 1287 1763 fuit,
1318 1703 1583 1755 sortitione¹
1605 1702 1657 1751 id

78 1806 131 1835 20
153 1786 315 1851 ipsum
361 1786 547 1834 factum
595 1802 699 1834 esse
748 1786 1003 1850 oportuit;
1053 1785 1130 1834 sin
1173 1791 1340 1834 autem
1388 1785 1554 1833 sortiri
1593 1784 1656 1833 ad

153 1873 445 1933 poenam.et
480 1867 737 1916 hominum
774 1858 1017 1916 delictum*
1043 1868 1273 1915 fortunae
1311 1867 1494 1916 iudicio
1531 1883 1656 1915 com-

153 1950 354 1998 mittere
400 1948 604 1998 minime
646 1950 924 1998 censorium
972 1955 1061 2008 est,
1106 1955 1237 1998 certe
1285 1948 1338 1996 in
1385 1948 1656 1997 multorum

154 2037 354 2096 peccato
374 2030 506 2094 carpi
531 2047 710 2094 paucos
736 2030 798 2080 ad
823 2031 1147 2096 ignominiam
1173 2030 1245 2097 [et
1269 2030 1656 2098 turpitudinem]

155 2126 254 2159 non
284 2115 494 2173 oportet.

81 2211 132 2254 25
226 2186 431 2237 XLVII.
460 2188 648 2237 Verum
675 2203 844 2236 omnes
863 2187 1198 2251 intellegimus
1220 2186 1400 2235 inistis
1420 2187 1658 2251 subscrip·
1683 2192 1782 2245 130

157 2265 374 2314 tionibus
400 2272 607 2314 ventum
633 2265 883 2329 quendam
910 2264 1199 2329 popularem
1228 2281 1332 2313 esse
1363 2265 1655 2329 quaesitum.

156 2343 346 2392 Iactata
391 2360 468 2392 res
516 2349 622 2392 erat
673 2344 725 2391 in
775 2343 1004 2391 contione
1058 2360 1086 2390 a
1143 2342 1345 2391 tribuno
1394 2342 1659 2405 seditioso3

213 2453 273 2494 14.
310 2452 440 2504 adfici
465 2452 681 2493 convenire
707 2458 783 2492 aut
810 2454 886 2502 (ut,
911 2455 953 2503 F)
975 2466 1103 2504 quam
1183 2452 1415 2502 constitues,
1438 2463 1519 2493 PF:
1551 2453 1661 2506 affici

156 2523 344 2568 oportere
373 2517 589 2557 convenire
618 2522 663 2556 ut
697 2517 757 2557 ad
790 2530 921 2568 quam
1005 2516 1247 2565 constitum,
1280 2528 1342 2557 ΒΤ.
1405 2516 1513 2570 Qy.?
1551 2518 1662 2570 offici

157 2587 360 2632 oportere,
385 2587 422 2621 et
442 2581 659 2622 convenire
679 2587 739 2630 ut,
763 2585 846 2622 ete.
907 2583 972 2622 23.
999 2582 1058 2621 ad
1077 2581 1356 2632 iynominiam
1372 2587 1409 2621 et
1430 2582 1658 2633 turpitudi-

158 2659 265 2694 nem,
282 2661 327 2685 w:
350 2651 385 2685 et
403 2645 693 2696 iynomiuiam‚
710 2658 748 2686 P.
804 2646 884 2698 Qy.
902 2647 962 2686 ad
979 2646 1287 2697 turpitudinem
1303 2652 1339 2687 et
1355 2646 1663 2698 iynomiuiam?

158 2711 223 2753 27.
256 2723 284 2750 a
305 2710 471 2750 tribuno
490 2711 694 2759 seditioso,
719 2725 775 2751 w:
805 2724 888 2751 om.
913 2722 954 2752 Ρ.
