1820 2956
164 123 226 170 20
595 124 724 174 PRO
764 126 828 175 A.
871 125 1222 176 C‘LUENTIO.

161 257 423 306 suetudine
460 259 789 321 quaerebatur
822 259 1145 318 inveniretur,
1178 265 1229 308 et
1265 259 1567 323 Oppianicus
1602 261 1652 308 in

159 337 266 386 foro
303 338 612 387 Larinatium
651 340 906 389 dictitaret
944 358 1103 406 nuper
1140 357 1191 389 se
1234 348 1285 390 et
1325 358 1439 390 suos
1473 342 1655 390 amicos

159 424 514 468 testamentum
555 421 660 468 eius
702 421 1000 486 obsignasse,
1045 422 1210 471 liberti
1259 423 1417 471 Asuvi
1464 430 1515 472 et
1555 439 1655 471 non

158 500 283 548 nulli
324 501 481 559 amici,
526 502 661 564 quod
708 518 766 551 eo
812 503 893 552 die
941 520 1040 567 quo
1086 510 1393 567 postremum
1434 503 1654 552 Asuvius

159 581 291 629 visus
317 587 424 630 erat
452 581 694 631 Avillium
727 600 838 631 cum
872 601 929 633 eo
960 585 1112 633 fuisse
1148 591 1200 634 et
1234 602 1263 633 a
1298 579 1468 633 multis
1492 585 1654 634 visum
1706 602 1728 646 5

159 678 263 710 esse
305 664 576 723 constabat,
615 664 667 712 in
710 680 821 713 eum
865 666 1112 714 invadunt
1153 672 1204 714 et
1245 666 1497 714 hominem
1536 671 1653 714 ante

157 744 307 808 pedes
340 744 394 805 Q.
425 745 595 805 Manli,
629 746 715 808 qui
751 751 860 795 tum
894 753 1002 795 erat
1036 747 1281 807 triumvir,
1311 746 1653 807 constituunt;

156 832 306 889 atque
364 826 448 874 ille
496 827 746 886 continuo,
798 827 937 876 nullo
984 834 1125 887 teste,
1171 827 1310 876 nullo
1356 827 1532 887 indice,
1582 844 1653 876 re-

157 908 312 956 centis
359 907 585 956 maleficii
633 909 932 957 conscientia
979 909 1274 973 perterritus
1322 909 1487 957 omnia
1527 915 1586 957 ut
1624 926 1654 957 a

155 1004 234 1036 me
274 988 424 1053 paulo
470 995 586 1037 ante
633 989 767 1037 dicta
814 996 932 1037 sunt
973 990 1194 1053 exponit,
1237 989 1583 1052 Asuviumque
1623 1007 1653 1038 a
1681 1007 1729 1036 10

67 1071 132 1123 39
156 1085 261 1117 sese
303 1069 508 1118 consilio
550 1069 811 1134 Oppianici
849 1070 1168 1119 interfectum
1203 1071 1403 1119 fatetur.
1476 1070 1653 1119 Extra-

155 1149 292 1198 hitur
338 1150 487 1199 domo
535 1150 739 1199 latitans
787 1151 1090 1216 Oppianicus
1136 1169 1166 1200 a
1212 1152 1433 1201 Manlio:
1497 1152 1652 1200 index

154 1230 370 1279 Avillius
413 1248 475 1280 ex
513 1232 670 1281 altera
710 1238 853 1295 parte
895 1248 1059 1280 coram
1099 1237 1312 1281 tenetur.
1387 1232 1484 1281 Hic
1530 1233 1648 1296 quid

154 1313 250 1360 iam
297 1313 490 1376 reliqua
531 1313 810 1376 quaeritis?
877 1313 1124 1362 Manlium
1165 1313 1390 1378 plerique
1431 1315 1649 1363 noratis:

154 1410 253 1442 non
298 1393 383 1442 ille
431 1394 670 1443 honorem
715 1412 744 1442 a
789 1395 1018 1458 pueritia,
1069 1412 1170 1443 non
1218 1395 1384 1443 studia
1430 1396 1647 1456 virtutis,
1678 1411 1724 1453 15

153 1492 252 1524 non
299 1475 458 1524 ullum
505 1476 888 1524 existimationis
935 1476 1094 1524 bonae
1141 1476 1357 1524 fructum
1413 1492 1649 1540 umquam

153 1557 422 1621 cogitarat:
483 1573 546 1606 ex
596 1556 845 1620 petulanti
892 1562 1042 1620 atque
1089 1556 1315 1620 improbo
1373 1574 1542 1605 scurra
1597 1558 1651 1605 in

152 1638 410 1687 discordiis
435 1638 652 1687 civitatis
688 1638 752 1687 ad
788 1655 897 1687 eam
933 1637 1212 1686 columnam
1248 1638 1311 1686 ad
1347 1654 1496 1701 quam
1529 1638 1651 1687 mul·
1701 1691 1704 1694 ⁴

153 1726 318 1769 torum
356 1736 502 1783 saepe
541 1719 773 1768 conviciis
810 1718 1081 1782 perductus
1118 1724 1225 1766 erat
1260 1726 1368 1767 tum
1405 1719 1649 1783 suffragiis

152 1801 324 1866 populi
348 1807 654 1865 pervenerat.
725 1800 902 1863 Itaque
927 1816 1031 1848 rem
1057 1817 1168 1848 cum
1195 1799 1469 1864 Oppianico
1492 1807 1649 1849 trans·
1673 1821 1726 1849 20

151 1883 273 1947 igit:
314 1882 578 1947 pecuniam
613 1882 676 1931 ab
718 1898 775 1930 eo
813 1882 1005 1944 accipit,
1046 1898 1243 1929 causam
1281 1887 1332 1930 et
1369 1888 1649 1945 susceptam

152 1971 203 2013 et
237 1970 342 2012 tam
377 1963 690 2011 manifestam
722 1962 972 2026 relinquit.
1047 1961 1120 2010 Ac
1156 1968 1266 2011 tum
1301 1963 1353 2010 in
1390 1962 1648 2026 Oppianici

153 2062 297 2094 causa
338 2045 524 2092 crimen
565 2044 657 2092 hoc
700 2044 1011 2092 Asuvianum
1060 2060 1171 2091 cum
1219 2044 1430 2092 testibus
1477 2044 1648 2092 multis

151 2133 260 2175 tum
306 2143 425 2175 vero
477 2126 661 2175 indicio
719 2125 875 2174 Avilli
934 2126 1380 2189 comprobabatur:
1438 2126 1489 2174 in
1549 2142 1648 2190 quo

151 2208 410 2272 alligatum
450 2207 712 2272 Oppianici
751 2223 931 2255 nomen
970 2208 1187 2270 primum
1229 2223 1334 2256 esse
1373 2207 1644 2267 constabat,
1670 2226 1721 2268 25

150 2291 323 2338 —eius
370 2306 518 2353 quem
559 2305 647 2337 vos
689 2288 924 2336 miserum
971 2294 1121 2351 atque
1162 2289 1477 2337 innocentem
1523 2289 1646 2338 falso

150 2371 333 2419 iudicio
369 2371 763 2418 circumventum
800 2385 903 2417 esse
940 2369 1118 2417 dicitis.

205 2479 242 2519 8.
276 2477 358 2525 ille,
376 2492 405 2516 ω
419 2476 640 2528 (Ramsay,
654 2475 848 2525 Miiller):
870 2475 967 2523 illic,
980 2486 1030 2515 ST
1044 2474 1250 2524 (Classen,
1263 2475 1426 2524 Baiter,
1438 2475 1640 2528 Kayser).

155 2543 215 2583 13.
242 2542 347 2593 quid
365 2541 468 2589 iam,
491 2551 566 2580 ST:
597 2540 687 2580 iam
706 2539 823 2591 quid,
849 2554 889 2580 ω.
947 2539 1009 2583 17.
1034 2552 1098 2588 cx,
1122 2550 1197 2580 STt
1227 2540 1299 2579 sed
1318 2553 1381 2589 ex,
1405 2551 1525 2580 FMW.
1577 2542 1643 2581 20.

151 2620 253 2656 rem,
287 2621 341 2645 w:
386 2611 487 2654 tum,
521 2615 581 2644 ST.
655 2605 724 2645 21.
759 2604 999 2656 [pecuniam
1030 2604 1082 2644 ab
1116 2617 1160 2643 eo
1189 2604 1375 2655 accipit]
1409 2604 1640 2646 Hartman.

151 2671 216 2710 22.
247 2676 347 2718 tam,
373 2680 441 2709 s'rz
471 2682 554 2709 om.
580 2683 610 2707 ω
631 2669 712 2720 (cp.
738 2670 758 2716 ἓ
779 2669 844 2716 30,
869 2668 922 2717 7).
967 2667 1150 2719 reliquit,
1174 2679 1233 2707 s'r.
1287 2670 1351 2708 24.
1384 2668 1431 2708 in
1450 2681 1531 2720 quo
1551 2669 1643 2710 alli-

152 2739 310 2781 catum,
333 2745 381 2773 ΒΤ
400 2749 408 2774 z
438 2733 484 2773 i‘n
503 2745 583 2783 quo
604 2732 712 2773 inter
732 2732 944 2782 allcyatos,
968 2743 1028 2771 ΕΜ
1057 2732 1298 2782 (alliyatos).
