1820 2956
566 127 698 177 PRO
730 127 801 176 A.
846 126 1194 176 GLUENTIO.
1604 129 1632 176 3

138 262 328 312 invidia
374 261 622 311 imbecilla
668 277 773 310 esse
820 260 983 310 debet.
1081 260 1383 310 Dominetur
1428 267 1478 309 '1n
1527 278 1637 310 con-

138 343 372 402 tionibus,
401 343 560 392 iaceat
590 343 643 391 in
678 342 874 391 iudiciis
892 360 905 403 3
941 342 1107 391 valeat
1141 344 1191 391 in
1230 343 1546 407 opinionibus
1581 360 1636 392 ac

139 425 448 474 sermonibus
483 424 841 488 imperitorum,
870 425 933 473 ab
966 424 1178 489 ingeniis
1211 424 1535 489 prudentium
1568 441 1640 474 re-

139 506 404 571 pudietur3
464 506 784 555 vehementes
831 505 1013 554 habeat
1064 506 1352 570 repentinos
1404 507 1634 571 impetus,

88 605 113 648 5
139 588 300 652 spatio
323 587 619 652 interposito
644 592 696 635 et
719 603 865 636 causa
890 587 1088 651 cognita
1113 594 1458 637 consenescat:
1505 587 1640 636 deni-

139 686 234 733 que
271 668 358 717 illa
395 669 622 718 definitio
663 668 961 717 iudiciorum
999 685 1285 733 aequorum,
1327 685 1455 733 quae
1496 669 1638 717 nobis

138 767 167 799 a
201 751 472 799 maioribus
508 750 696 799 tradita
733 756 821 808 est,
850 750 1141 811 retineatur,
1174 756 1234 799 ut
1268 750 1320 798 in
1355 750 1552 799 iudiciis
1589 757 1640 798 et

139 832 244 881 sine
290 832 480 881 invidia
527 831 672 895 culpa
718 831 968 895 plectatur
1015 838 1066 880 et
1112 831 1218 880 sine
1266 831 1410 896 culpa
1451 832 1640 881 invidia

138 919 365 978 ponatur.
440 912 602 974 Quam
635 913 698 961 ob
730 929 837 961 rem
868 930 897 961 a
921 912 1076 973 vobiS‚
1109 912 1310 972 iudices,
1341 918 1458 961 ante
1491 930 1640 977 quam
1663 911 1696 964 6

68 1013 116 1041 10
139 995 201 1044 de
225 995 332 1060 ipsa
356 1011 502 1044 causa
525 994 689 1043 dicere
713 994 909 1058 incipio,
937 994 1057 1043 haec
1090 994 1290 1058 postulo
1310 1014 1318 1043 :
1355 995 1642 1059 primum—

140 1077 192 1126 id
243 1076 378 1141 quod
430 1076 785 1140 aequissimum
834 1082 1038 1125 est—ut
1084 1093 1146 1124 ne
1194 1076 1316 1140 quid
1363 1076 1459 1125 huc
1505 1093 1642 1141 prae-

140 1158 345 1207 iudicati
397 1158 634 1207 adferatis
677 1157 885 1221 (etenim
932 1174 1031 1206 non
1078 1157 1228 1206 modo
1274 1158 1638 1219 auctoritatem,

140 1240 227 1289 sed
274 1240 425 1289 etiam
471 1256 654 1288 nomen
693 1239 916 1288 iudicum
961 1239 1264 1300 amittemus,
1310 1239 1405 1287 nisi
1451 1239 1531 1288 hic
1578 1256 1642 1289 ex

139 1322 260 1387 ipsis
293 1322 452 1370 causis
484 1320 813 1370 iudicabimus
849 1338 904 1369 ac
941 1321 982 1369 si
1017 1321 1081 1369 ad
1118 1338 1288 1370 causas
1325 1320 1508 1370 iudicia
1542 1321 1640 1369 iam

68 1419 116 1462 15
139 1405 270 1452 facta
304 1403 453 1452 domo
488 1402 822 1469 deferemus);
862 1402 1044 1452 deinde
1085 1403 1127 1452 si
1165 1419 1315 1466 quam
1357 1403 1642 1467 opinionem

140 1487 238 1535 iam
274 1485 452 1534 vestris
493 1484 746 1534 mentibus
788 1485 1246 1549 comprehendistis,
1286 1485 1328 1533 si
1363 1501 1472 1533 eam
1513 1485 1642 1534 ratio

141 1567 398 1627 convellet,
444 1567 486 1615 si
532 1567 692 1616 oratio
736 1558 1072 1626 labefactabit,
1118 1567 1160 1615 si
1200 1566 1417 1630 denique
1458 1567 1643 1615 veritas

141 1648 478 1713 extorquebit,
525 1664 588 1697 ne
635 1648 925 1714 repugnetis
984 1664 1192 1711 eamque
1239 1648 1417 1696 animis
1463 1648 1642 1697 vestris

141 1737 229 1781 aut
274 1731 546 1780 libentibus
593 1739 682 1778 aut
727 1730 899 1793 aequis
946 1730 1248 1790 remittatis3
1299 1736 1410 1778 tum
1457 1735 1640 1791 autem,

66 1831 119 1859 20
142 1830 255 1862 cum
302 1829 394 1878 ego
441 1828 540 1860 una
586 1827 783 1875 quaque
830 1810 893 1860 de
940 1827 994 1860 re
1040 1810 1202 1859 dicam
1245 1818 1296 1859 et
1337 1811 1538 1872 diluam,
1581 1828 1643 1861 ne
1714 1806 1716 1808 ¹

141 1895 238 1959 ipsi
267 1909 393 1958 quae
418 1893 665 1942 contraria
693 1893 797 1941 sint
825 1893 965 1941 taciti
995 1893 1287 1958 cogitationi
1315 1899 1510 1942 vestrae
1535 1894 1646 1942 sub-

141 1977 315 2036 iciatis,
360 1975 447 2024 sed
487 1974 551 2023 ad
593 1979 875 2023 extremum
917 1975 1218 2039 exspectetis
1259 1991 1438 2039 meque
1477 1992 1645 2025 meum

92 2099 95 2102 ,
142 2057 340 2107 dicendi
382 2056 607 2105 ordinem
649 2071 846 2104 servare
887 2056 1179 2120 patiamini:
1235 2072 1348 2104 cum
1394 2073 1643 2120 peroraro,

143 2146 266 2199 tum,
305 2139 346 2187 si
382 2137 504 2202 quid
540 2137 636 2186 erit
669 2137 1011 2200 praeteritum,
1050 2137 1216 2186 animo
1252 2138 1530 2201 requiratis.

68 2237 119 2280 25
211 2219 303 2269 III.
355 2219 462 2284 Ego
508 2235 602 2279 me,
651 2218 853 2278 iudices,
902 2218 966 2267 ad
1014 2235 1122 2268 eam
1171 2235 1368 2268 causam
1414 2219 1645 2269 accedere
1668 2216 1702 2270 '7

144 2318 270 2367 quae
316 2302 415 2350 iam
462 2317 552 2365 per
602 2317 759 2350 annos
812 2307 925 2350 octo
978 2301 1241 2350 continuos
1289 2318 1352 2350 ex
1399 2301 1647 2350 contraria

144 2389 287 2448 parte
323 2382 559 2431 audiatur
593 2387 744 2446 atque
779 2382 888 2447 ipsa
926 2383 1159 2447 opinione
1197 2383 1457 2432 hominum
1494 2384 1647 2432 tacita

202 2530 263 2569 11.
285 2528 394 2577 huic,
414 2539 484 2568 ὅτε
507 2541 572 2580 cp.
597 2530 618 2576 ἓ
637 2528 726 2575 142,
747 2529 783 2568 8.
831 2529 894 2568 14.
914 2541 964 2568 ac
980 2527 1030 2576 si,
1051 2542 1108 2568 w:
1136 2527 1187 2577 si,
1211 2539 1260 2568 S'r
1271 2527 1331 2567 b2.
1373 2529 1437 2568 21.
1459 2527 1556 2577 sint,
1575 2540 1646 2570 PS:

144 2599 254 2642 εἰιηι,
279 2608 336 2633 ωε
371 2606 453 2632 0111.
478 2603 515 2631 Τ.
581 2592 645 2632 22.
681 2592 754 2640 ad,
778 2603 805 2631 P
834 2591 921 2631 and
951 2607 1007 2631 w:
1044 2605 1126 2632 om.
1153 2603 1214 2633 sm.
1278 2605 1437 2644 meque,
1469 2604 1526 2632 P:
1566 2605 1644 2641 me,

145 2669 221 2699 s'r:
270 2663 307 2697 et
344 2670 423 2706 me,
465 2668 585 2696 FMW.
661 2657 725 2696 24.
769 2655 930 2705 animo,
972 2655 1130 2697 codd.:
1188 2669 1217 2695 a
1263 2669 1340 2705 me,
1393 2656 1645 2707 Lambinus,

148 2721 321 2763 Muller.
383 2721 463 2772 Qy.
489 2720 634 2760 animo
652 2721 798 2761 ame?
