1820 2956
147 104 208 150 18
582 100 711 149 PRO
751 99 814 148 A.
858 98 1208 148 O'LUENTIO.

142 235 204 284 de
243 235 516 299 Oppianico
552 233 829 297 suspicatus
865 233 944 291 sit,
983 232 1198 281 videtis:
1235 230 1358 295 quid
1393 229 1640 289 iudicarit,

142 317 405 365 obscurum
431 331 531 363 non
557 320 659 363 est:
699 331 814 362 nam
839 313 978 362 cuius
1001 312 1160 360 filium
1185 311 1370 360 faceret
1393 310 1638 371 heredem,

143 414 256 446 eum
288 403 508 445 tutorem
537 395 707 444 liberis
736 411 837 443 non
869 394 1146 457 adscripsit.
1220 392 1352 453 Quid
1382 391 1641 456 Oppianic-

141 496 200 528 us
240 479 415 527 fecerit
456 477 749 542 cognoscite,
793 482 853 524 ut
888 475 1031 524 illum
1072 475 1296 540 Magium
1338 473 1643 538 intellegatis

142 577 242 609 non
269 560 416 623 longe
441 558 607 607 animo
638 557 954 622 prospexisse
983 556 1293 604 morientem.
1368 554 1506 615 Quae
1537 570 1637 618 pec·
1694 572 1717 616 5

142 642 259 689 unia
295 640 490 689 mulieri
528 639 693 705 legata
730 644 838 687 erat
876 655 904 686 a
946 637 1062 695 filio,
1101 637 1143 685 si
1184 636 1271 700 qui
1313 642 1460 685 natus
1498 640 1640 695 esset,

143 739 251 771 eam
308 726 621 786 praesentem
669 719 973 784 Oppianicus
1021 734 1121 767 non
1167 717 1388 766 debitam
1447 715 1643 765 mulieri

141 802 304 863 solvit,
333 803 374 850 si
406 801 524 850 haec
558 800 742 850 solutio
773 800 1052 865 legatorum
1077 805 1129 848 et
1157 815 1258 847 non
1290 814 1475 847 merces
1506 798 1646 846 abor-

140 885 291 934 tionis
332 883 631 948 appellanda
674 888 751 931 est
767 901 780 942 3
822 898 922 946 quo
959 881 1046 929 illa
1084 881 1247 945 pretio
1284 886 1486 945 accepto
1522 879 1644 928 mul·

140 967 304 1030 tisque
351 971 608 1030 praeterea
654 963 958 1022 muneribus,
1009 978 1135 1026 quae
1193 968 1304 1010 tum
1351 978 1414 1011 ex
1459 961 1643 1010 tabulis
1672 978 1720 1007 10

141 1047 405 1111 Oppianici
452 1045 805 1104 recitabantur,
856 1060 993 1108 spem
1042 1042 1181 1091 illam
1228 1060 1378 1106 quam
1424 1042 1477 1090 in
1530 1042 1643 1091 alvo

140 1127 537 1176 commendatam
561 1143 590 1173 a
613 1126 722 1174 viro
751 1125 1043 1173 continebat
1066 1124 1211 1181 victa,
1229 1123 1440 1173 avaritia
1471 1123 1642 1173 sceleri

49 1208 116 1262 35
140 1208 403 1274 Oppianici
429 1207 669 1256 vendidit.
744 1205 886 1254 Nihil
910 1221 1055 1269 posse
1088 1205 1186 1253 iam
1211 1205 1275 1253 ad
1308 1205 1435 1253 hanc
1463 1205 1643 1269 impro-

141 1291 350 1339 bitatem
407 1288 525 1336 addi
583 1287 813 1336 videtur:
884 1286 1134 1335 attendite
1192 1286 1397 1335 exitum.
1505 1285 1642 1346 Quae

138 1368 318 1416 mulier
364 1365 702 1416 obtestatione
749 1365 845 1414 viri
903 1364 1076 1413 decem
1121 1363 1221 1412 illis
1267 1364 1520 1413 mensibus
1578 1380 1641 1412 ne
1669 1383 1716 1427 15

138 1450 342 1499 domum
374 1448 578 1512 quidem
609 1447 763 1495 ullam
795 1447 892 1494 nisi
925 1462 1091 1494 socrus
1124 1461 1241 1494 suae
1274 1462 1418 1494 nosse
1450 1445 1635 1506 debuit

138 1531 258 1580 haec
293 1530 470 1594 quinto
506 1544 674 1578 mense
710 1535 824 1592 post
857 1527 952 1576 viri
987 1532 1200 1575 mortem
1235 1526 1331 1590 ipsi
1367 1525 1642 1591 Oppianico

137 1613 323 1677 nupsit.
398 1610 535 1671 Quae
561 1609 768 1674 nuptiae
802 1625 901 1657 non
934 1608 1203 1656 diuturnae
1227 1607 1433 1656 fuerunt
1448 1625 1462 1668 3
1498 1613 1642 1656 erant

139 1695 270 1743 enim
304 1710 403 1741 non
435 1690 741 1740 matrimonii
765 1689 1027 1755 dignitate,
1055 1688 1142 1737 sed
1175 1688 1372 1737 sceleris
1405 1689 1640 1738 societate

138 1775 446 1824 coniunctae.
1664 1794 1717 1823 20

47 1859 115 1913 36
206 1856 352 1905 ΧΙΙΙ.
394 1854 564 1915 Quid?
609 1853 695 1901 illa
736 1846 910 1902 caedes
958 1851 1119 1901 Asuvi
1167 1851 1432 1909 Larinatis,
1476 1852 1636 1901 adule-

138 1939 321 1989 scentis
356 1936 626 2001 pecuniosi,
665 1951 816 1998 quam
864 1934 994 1982 clara
1041 1940 1151 1982 tum
1200 1933 1390 1982 recenti
1426 1950 1479 1982 re
1526 1935 1636 1995 fuit,

137 2038 286 2084 quam
334 2018 558 2068 omnium
605 2032 832 2065 sermone
879 2015 1156 2064 celebrata!
1248 2014 1370 2063 Fuit
1421 2014 1639 2064 Avillius

136 2102 340 2167 quidam
376 2099 558 2148 Larino
594 2098 790 2163 perdita
827 2096 1051 2160 nequitia
1087 2102 1139 2146 et
1173 2113 1366 2144 summa
1401 2103 1635 2162 egestate,

135 2189 242 2232 arte
275 2181 490 2246 quadam
515 2179 772 2244 praeditus
797 2179 859 2227 ad
885 2178 1118 2227 libidines
1151 2177 1639 2227 adulescentulorum
1663 2198 1713 2242 25

135 2263 423 2314 excitandas
456 2260 854 2310 accommodata:
897 2259 982 2323 qui
1015 2265 1074 2307 ut
1106 2275 1156 2307 se
1188 2258 1446 2308 blanditiis
1476 2266 1527 2310 et
1558 2260 1639 2308 ad-

187 2367 225 2407 2.
251 2365 382 2413 cuius,
402 2376 479 2404 Psr
496 2380 504 2404 ε
536 2376 631 2403 cum
651 2363 752 2412 eius,
773 2377 814 2402 ω.
867 2363 905 2402 5.
929 2374 1012 2401 ‘non
1032 2361 1164 2411 Zonye,
1184 2371 1233 2400 ST
1247 2359 1318 2401 b2:
1350 2361 1481 2411 lonye,
1506 2373 1531 2401 P
1551 2363 1637 2402 and

136 2448 166 2472 ω
185 2433 268 2483 (cp.
289 2430 392 2479 §67,
410 2430 476 2478 20,
502 2428 647 2467 where
668 2427 744 2466 the
759 2439 842 2466 non
861 2425 1010 2465 before
1031 2424 1238 2475 iquoratis
1256 2425 1335 2464 has
1350 2425 1637 2478 disappeared

134 2496 246 2536 from
265 2495 325 2534 all
346 2505 439 2534 mss.
461 2495 617 2544 except
632 2493 710 2541 ΞΤ).
765 2492 803 2530 6.
828 2496 941 2538 esset,
962 2501 988 2528 P
1008 2489 1094 2528 and
1112 2504 1164 2528 w:
1194 2489 1287 2538 erit,
1304 2488 1412 2530 s'rb2.
1464 2491 1527 2530 22.
1542 2491 1637 2542 fuit

134 2573 276 2612 quam,
292 2570 355 2598 ΡΜ
372 2574 380 2598 :
402 2557 495 2608 suit
511 2562 548 2596 et
564 2568 707 2607 quam,
725 2566 752 2594 P
770 2570 779 2594 ε
799 2554 893 2605 fait
908 2552 1063 2593 recenti
1078 2566 1222 2604 quam,
1238 2564 1299 2593 ΒΤ.
1361 2555 1426 2594 24.
1452 2554 1632 2604 Larino,

133 2636 211 2664 Ps⁷r
231 2640 239 2664 :
272 2623 475 2669 Larinas,
507 2636 547 2660 ω.
609 2621 675 2660 26.
707 2618 1040 2667 accommodata,
1064 2629 1090 2657 P
1112 2619 1183 2667 (?):
1219 2618 1572 2666 accommodatus,
1605 2633 1637 2659 ω

134 2690 215 2742 (cp.
242 2690 262 2736 ς
283 2687 347 2734 79,
376 2687 454 2734 16).
