1858 2956
185 153 247 201 68
620 152 747 201 PRO
785 153 847 201 A.
889 153 968 202 CL
981 152 1247 202 UENTIO.

183 286 235 334 in
260 286 331 334 Ti.
355 287 562 335 Guttam
589 285 734 335 video
759 302 863 335 esse
887 286 1233 350 subscriptum.
1299 287 1429 347 Quid
1455 287 1678 348 est-hoc?

184 366 307 415 duos
353 383 456 415 esse
515 372 769 430 corruptos
828 367 956 415 solos
1003 368 1212 432 pecunia
1261 367 1464 416 dicanti
1526 367 1676 416 ceteri

184 447 413 496 videlicet
450 448 602 511 gratis
643 447 1048 497 condemnarunt.
1122 449 1236 497 Non
1278 455 1353 497 est
1392 448 1547 513 igitur
1593 448 1679 496 cir-

185 535 488 589 cumventus,
527 544 628 577 non
664 534 739 577 est
772 545 1032 593 oppressus
1068 529 1290 592 pecunia,
1326 519 1441 590 non,
1475 536 1531 578 ut
1565 529 1678 577 illae

185 610 507 670 Quinctianae
554 610 809 658 contiones
860 610 1183 670 habebantur,
1235 626 1405 659 omnes
1452 610 1537 674 qui
1585 609 1680 673 Op·
1730 624 1753 667 5

184 691 431 755 pianicum
468 690 863 739 condemnarunt
897 691 949 738 in
986 690 1130 754 culpa
1164 699 1281 739 sunt
1314 708 1368 739 ac
1403 691 1679 755 suspicione

185 772 414 835 ponendi.
487 771 626 820 Duos
685 771 815 821 solos
861 771 1008 820 video
1068 773 1365 820 auctoritate
1423 788 1680 820 censorum

186 853 371 901 adfines
419 853 462 901 ei
510 851 814 918 turpitudini
856 852 1092 901 iudicari:
1147 859 1234 900 aut
1270 852 1395 900 illud
1436 851 1678 909 adferant,

185 934 371 998 aliquid
422 950 523 993 sese,
580 933 714 997 quod
767 933 828 983 de
877 934 954 982 his
1000 934 1192 982 duobus
1244 933 1511 982 habuerint
1557 949 1682 981 com-

186 1022 396 1080 pertum,
432 1015 493 1063 de
529 1014 703 1063 ceteris
738 1015 1043 1079 comperisse.
1712 1034 1758 1063 10

65 1094 164 1146 128
254 1096 433 1145 XLVI.
474 1096 604 1144 Nam
637 1095 763 1144 illud
795 1096 993 1159 quidem
1021 1095 1225 1144 minime
1253 1094 1567 1160 probandum
1591 1101 1677 1154 est,

187 1178 249 1227 ad
284 1177 564 1226 notationes
605 1177 1047 1242 auctoritatemque
1089 1177 1360 1226 censoriam
1401 1176 1682 1240 exemplum

186 1259 297 1307 illos
321 1275 343 1307 6
367 1257 722 1307 consuetudine
751 1258 956 1307 militari
987 1258 1314 1307 transtulisse.
1388 1257 1684 1306 Statuerunt

188 1340 318 1389 enim
348 1339 419 1387 ita
448 1339 659 1388 maiores
691 1339 847 1388 nostri
879 1345 948 1399 ut,
977 1340 1018 1387 si
1043 1357 1071 1388 a
1095 1339 1265 1388 multis
1290 1344 1419 1388 esset
1441 1339 1682 1403 flagitium

187 1422 256 1470 rei
282 1421 507 1469 militaris
526 1420 811 1479 admissum,
832 1421 1008 1470 sortito
1026 1422 1078 1469 in
1098 1420 1338 1485 quosdam
1357 1420 1682 1469 animadvert-
1712 1437 1758 1480 15

187 1509 363 1562 eretur,
391 1508 448 1550 ut
477 1509 638 1551 metus
670 1501 899 1551 videlicet
928 1502 990 1551 ad
1020 1519 1202 1562 omneS,
1230 1519 1389 1566 poena
1415 1502 1479 1552 ad
1502 1519 1684 1566 paucos

188 1584 478 1648 perveniret.
544 1583 688 1644 Quod
712 1583 845 1632 idem
865 1584 1022 1632 facere
1047 1600 1270 1633 censores
1296 1584 1348 1632 in
1367 1583 1564 1633 delectu
1582 1583 1683 1649 dig-

189 1665 360 1714 nitatis
385 1671 436 1713 et
461 1664 513 1712 in
538 1664 720 1713 iudicio
745 1664 927 1713 civium
954 1670 1004 1713 et
1027 1665 1080 1713 in
1109 1664 1537 1714 animadversione
1573 1665 1685 1713 viti-

190 1763 330 1794 orum
350 1745 437 1809 qui
462 1746 695 1794 convenit
718 1748 734 1794 2
792 1745 923 1793 Nam
942 1746 1082 1794 miles
1101 1746 1187 1810 qui
1206 1745 1367 1794 locum
1386 1762 1487 1794 non
1506 1746 1681 1803 tenuit,

189 1828 275 1891 qui
303 1826 522 1875 hostium
555 1826 797 1890 impetum
827 1827 1025 1890 vimque
1058 1827 1329 1890 pertimuit,
1361 1832 1525 1890 potest
1552 1826 1683 1875 idem
1709 1843 1762 1872 20

190 1916 361 1972 postea
386 1914 436 1956 et
458 1907 600 1955 miles
626 1923 729 1956 esse
755 1907 929 1956 melior
953 1913 1003 1955 ct
1027 1908 1104 1956 vir
1128 1908 1287 1956 bonus
1311 1913 1362 1955 et
1385 1907 1506 1956 civis
1530 1907 1681 1957 utilis.

190 1989 298 2050 Qua
316 2006 366 2037 re
386 1990 469 2053 qui
495 1988 546 2036 in
571 1988 700 2037 bello
719 1996 922 2052 propter
940 1989 1158 2037 hostium
1183 1995 1373 2038 metum
1391 1989 1684 2053 deliquerat,

190 2069 399 2134 amplior
430 2069 474 2117 ei
508 2070 681 2117 mortis
714 2075 765 2118 et
797 2069 1026 2134 supplicii
1059 2076 1222 2118 metus
1254 2076 1330 2119 est
1358 2087 1387 2119 a
1417 2071 1686 2120 maioribus

191 2151 492 2199 constitutus
510 2170 522 2212 3
564 2166 626 2199 ne
659 2156 825 2199 autem
857 2150 1066 2199 nimium
1090 2151 1236 2200 multi
1269 2168 1479 2215 poenam
1512 2153 1686 2216 capitis

70 2232 168 2284 129
191 2233 427 2292 subirent,
463 2231 644 2280 idcirco
674 2231 758 2280 illa
787 2233 981 2281 sortitio
1014 2240 1296 2297 comparata
1326 2240 1416 2282 est.
1488 2233 1598 2283 Hoc
1630 2241 1686 2282 tu
1709 2244 1760 2288 25

244 2422 282 2461 2.
316 2421 474 2469 dicant,
499 2420 648 2461 codd.:
679 2420 884 2469 iudicant,
910 2420 1105 2473 Madvig,
1130 2421 1302 2461 Miiller.
1365 2424 1402 2461 4.
1436 2428 1494 2461 est
1513 2435 1594 2462 om.
1620 2433 1679 2462 ST.

191 2486 228 2525 9.
263 2498 356 2534 sese,
382 2485 556 2525 Leclerc
584 2485 671 2525 and
700 2485 819 2525 edd.:
850 2497 944 2533 csse,
970 2485 1094 2525 codd.
1157 2487 1219 2526 10.
1253 2488 1509 2537 comperisse,
1539 2486 1686 2527 codd:

191 2562 274 2589 'non
302 2549 557 2599 comperisse,
582 2548 795 2589 Graevius
824 2548 910 2588 and
939 2553 1053 2588 most
1081 2548 1178 2589 edd.
1243 2551 1304 2590 13.
1338 2563 1358 2588 6
1384 2549 1485 2589 add.
1509 2550 1684 2590 Baiter:

192 2626 257 2666 cp.
278 2615 406 2662 §129‚
430 2615 491 2653 18.
530 2614 755 2661 15..sorcito‚
778 2612 982 2653 Classen:
1012 2613 1188 2662 sortitio,
1214 2625 1288 2654 ST:
1319 2615 1544 2663 sortitione,
1568 2630 1598 2653 ω
1620 2616 1684 2663 (as

191 2680 212 2726 ξ
236 2678 392 2726 129,19,
416 2677 603 2729 perhaps
632 2677 830 2729 rightly).
875 2677 941 2716 22.
960 2679 1034 2729 qui
1110 2678 1359 2729 deliquerat,
1384 2688 1460 2718 S'r:
1489 2689 1540 2718 ne
1615 2678 1684 2717 de-

190 2742 408 2792 linqueret,
431 2756 473 2780 ω.
