1858 2956
598 119 727 170 Plio
766 120 828 170 A.
872 119 950 169 GL
963 119 1230 169 UENTIO.
1597 121 1658 169 75

164 261 293 302 esset
329 255 530 318 agitata,
561 254 828 318 praeterire
866 270 964 302 non
1001 254 1153 318 potui.
1229 253 1326 302 Sed
1363 260 1494 302 errat
1519 253 1661 302 vehe-

165 341 356 384 menter
380 335 421 383 si
445 336 555 399 quis
579 336 631 383 in
658 335 965 383 orationibus
1002 335 1196 395 nostris,
1225 351 1346 399 quas
1381 334 1433 382 in
1468 333 1661 382 iudiciis

164 416 438 478 habuimus,
467 417 788 465 auctoritates
824 424 1019 465 nostras
1056 417 1368 480 consignatas
1401 432 1451 464 se
1480 415 1662 464 habere

163 497 463 559 arbitratur3
500 514 668 546 omnes
707 498 840 546 enim
877 498 989 547 illae
1023 514 1278 546 causarum
1304 514 1358 546 ac
1383 503 1661 560 temporum

117 593 140 638 5
164 586 294 640 sunt,
322 597 422 629 non
458 580 714 629 hominum
752 581 971 643 ipsorum
1002 586 1088 628 aut
1119 585 1457 643 patronorum.
1531 578 1661 626 Nam

164 662 203 709 si
235 678 406 710 causae
442 662 577 725 ipsae
607 679 696 726 pro
727 679 776 709 se
809 661 947 725 loqui
979 667 1195 725 possent,
1223 677 1368 708 nemo
1403 659 1663 708 adhiberet

164 749 440 792 oratorem:
477 760 608 791 nunc
645 743 941 791 adhibemur
972 748 1029 790 ut
1062 758 1118 790 ea
1147 741 1379 799 dicamus,
1407 757 1508 789 non
1537 757 1662 804 quae

166 830 334 872 nostra
369 824 664 873 auctoritate
701 825 1081 883 constituantur,
1110 822 1196 871 sed
1226 839 1351 886 quae
1383 839 1444 871 ex
1473 839 1524 871 re
1557 822 1663 886 ipsa

164 922 405 969 causaque
479 905 738 954 ducantur.
861 905 1130 954 Hominem
1203 904 1527 967 ingeniosum,
1589 904 1659 952 M.
1687 904 1785 956 140

94 1004 142 1032 10
166 987 454 1048 Antonium,
517 987 658 1036 aiunt
716 987 918 1036 solitum
977 1003 1080 1035 esse
1141 985 1302 1035 dicere
1371 985 1553 1034 idcirco
1612 1002 1662 1034 se

165 1068 351 1117 nullam
404 1085 639 1132 umquam
698 1069 975 1118 orationem
1034 1067 1284 1131 scripsisse
1332 1073 1400 1128 ut,
1453 1067 1493 1115 si
1541 1067 1662 1131 quid

164 1149 430 1214 aliquando
467 1167 568 1199 non
608 1168 729 1214 opus
768 1157 897 1199 esset
933 1150 996 1198 ab
1033 1166 1084 1198 88
1123 1165 1226 1198 8888
1266 1148 1467 1208 dictum,
1497 1155 1663 1212 posset

163 1247 341 1296 negare
370 1231 587 1292 dixisse3
624 1232 833 1296 proinde
863 1230 1002 1296 quasi
1032 1230 1072 1278 si
1102 1230 1224 1294 quid
1249 1247 1277 1278 a
1302 1231 1444 1279 nobis
1474 1230 1663 1279 dictum

164 1318 251 1360 aut
285 1318 450 1360 actum
486 1313 564 1373 sit,
592 1312 644 1361 id
673 1313 768 1361 nisi
802 1312 983 1362 litteris
1016 1311 1368 1372 mandarimus,
1404 1311 1663 1360 hominum

82 1392 139 1450 '15
165 1394 402 1443 memoria
425 1411 525 1443 non
550 1394 1008 1458 comprehendatur.
1082 1393 1164 1442 LI.
1202 1392 1308 1458 Ego
1333 1410 1450 1441 vero
1482 1393 1535 1441 in
1567 1393 1664 1442 isto

163 1491 342 1539 genere
389 1475 623 1524 libentius
670 1493 782 1524 cum
830 1474 1103 1524 multorum
1151 1479 1260 1522 tum
1307 1473 1522 1522 hominis
1570 1473 1666 1522 elo·

164 1544 476 1621 quentissimi
512 1563 563 1607 et
598 1558 963 1622 sapientissimi,
1002 1558 1055 1606 L.
1098 1558 1275 1618 Crassi,
1315 1557 1663 1606 auctoritatem

165 1654 354 1702 sequor,
390 1638 476 1703 qui
511 1656 624 1688 cum
661 1639 750 1689 On.
785 1639 1025 1688 Plancum
1062 1639 1362 1700 defenderet,
1403 1645 1663 1687 accusante

164 1721 231 1769 M.
266 1721 436 1780 Bruto,
472 1720 673 1770 homine
708 1721 761 1769 in
799 1720 1008 1770 dicendo
1047 1721 1341 1770 vehemente
1381 1726 1431 1768 et
1469 1720 1662 1779 callido,

90 1815 142 1843 20
164 1818 275 1850 cum
333 1802 520 1851 Brutus
578 1801 771 1851 duobus
841 1802 1188 1851 recitatoribus
1259 1802 1544 1851 constitutis
1602 1819 1664 1851 ex

164 1883 355 1932 duabus
415 1883 519 1932 eius
577 1884 884 1932 orationibus
954 1885 1116 1948 capita
1176 1884 1368 1932 alterna
1424 1884 1556 1932 inter
1613 1901 1664 1932 se

165 1965 410 2014 contraria
467 1964 721 2014 recitanda
777 1972 1008 2024 curasset,
1058 1965 1193 2029 quod
1252 1965 1304 2014 in
1356 1966 1664 2015 dissuasione

165 2047 434 2111 rogationis
476 2047 580 2096 eius
622 2064 747 2111 quae
790 2053 961 2096 contra
1001 2047 1245 2096 coloniam
1287 2047 1663 2097 Narbonensem

164 2129 413 2177 ferebatur
470 2136 714 2193 quantum
772 2135 938 2192 potest
985 2129 1047 2177 de
1106 2129 1404 2178 auctoritate
1463 2135 1663 2177 senatus

90 2218 140 2261 25
164 2208 396 2269 detrahit,
439 2209 492 2258 in
539 2211 766 2259 suasione
813 2209 935 2274 legis
983 2210 1220 2260 Serviliae
1268 2211 1472 2259 summis
1520 2220 1664 2259 ornat

164 2297 390 2339 senatum
435 2291 679 2351 laudibus
730 2297 780 2340 et
837 2292 995 2341 multa
1053 2292 1105 2340 in
1165 2293 1354 2356 equites
1413 2292 1663 2340 Romanos

165 2389 275 2421 cum
323 2389 386 2421 ex
433 2390 488 2421 ea
536 2373 756 2422 oratione
804 2373 1023 2438 asperius
1072 2373 1207 2422 dicta
1252 2373 1521 2433 recitasset,
1566 2390 1663 2437 quo

165 2453 315 2501 animi
364 2453 562 2502 illorum
609 2454 829 2503 iudicum
877 2456 927 2503 in
978 2454 1210 2504 Crassum
1262 2454 1660 2515 incenderentur,

218 2589 256 2628 4.
290 2587 403 2637 illae,
436 2600 484 2628 s:
515 2602 597 2629 om.
623 2600 670 2629 ⁷1¹:
701 2588 800 2629 illac
828 2589 1051 2638 orationes,
1086 2604 1127 2629 ω.
1189 2590 1226 2629 5.
1261 2595 1348 2637 aut,
1383 2600 1458 2629 s'r:
1489 2603 1553 2638 ac,
1583 2601 1656 2630 ΕΜ.

169 2653 228 2693 13.
253 2666 419 2704 neyare,
437 2664 506 2693 S'r:
537 2667 576 2693 se
597 2667 761 2705 neyare,
787 2669 829 2694 ω.
885 2656 947 2694 18.
975 2654 1067 2703 On„
1085 2652 1245 2695 Sohutz
1267 2655 1335 2703 (cle
1358 2653 1428 2695 Or.
1448 2654 1528 2703 ii.§
1547 2655 1662 2705 220):

168 2715 232 2766 0.,
257 2728 306 2757 ST
325 2717 411 2757 and
432 2717 555 2757 codd.
582 2718 627 2757 in
647 2718 796 2767 Quint.
823 2719 878 2758 vi.
905 2720 944 2768 3,
967 2720 1046 2759 44:
1078 2718 1149 2768 L„
1173 2729 1294 2758 FMW.
