1858 2956
205 133 265 179 96
636 134 769 182 PRO
802 135 866 184 Α.
911 134 1269 185 CLUENTIO.

202 264 308 329 ipsa
354 266 546 315 defessa
592 284 753 331 neque
800 274 968 322 tamen
1015 268 1101 318 illa
1141 270 1287 317 finem
1331 271 1490 319 facere
1531 272 1694 328 vellet,

201 345 405 410 quidam
452 364 515 396 ex
561 347 827 410 advocatis,
879 349 1028 398 homo
1088 356 1139 398 et
1197 350 1469 399 honoribus
1528 351 1697 415 populi

202 434 404 476 ornatus
446 435 496 476 et
538 445 731 478 summa
771 430 958 479 virtute
1006 431 1274 494 praeditus,
1320 431 1606 496 intellegere
1647 448 1698 481 se

201 507 330 556 dixit
354 525 454 557 non
479 509 531 558 id
556 510 636 574 agi
660 516 717 558 ut
742 527 914 559 verum
950 511 1270 571 inveniretur,
1299 511 1387 560 sed
1415 505 1479 561 ¹ut
1512 512 1697 576 aliquid

200 589 311 637 falsi
351 589 513 639 dicere
554 598 861 655 cogerentur.
935 591 1044 641 Hoc
1086 598 1349 656 postquam
1385 594 1533 642 ceteri
1574 611 1699 642 com·
1751 607 1773 651 5

200 670 486 733 probarunt,
516 688 579 720 ex
604 673 826 720 omnium
855 673 1105 722 sententia
1128 673 1455 722 constitutum
1481 679 1556 722 est
1579 674 1698 722 satis

79 745 177 798 178
201 750 359 800 videri
384 769 487 800 esse
513 753 806 816 quaesitum.
879 753 1128 802 Redditur
1154 753 1427 818 Oppianico
1452 754 1697 803 Nicostra-

200 837 296 891 tus,
340 833 577 881 Larinum
626 834 733 897 ipsa
778 835 1108 898 proficiscitur
1155 852 1266 883 cum
1313 836 1413 893 suis
1461 853 1693 897 maerens,

200 913 331 976 quod
379 914 477 962 iam
519 920 650 963 certe
691 915 987 964 incolumem
1030 916 1187 964 filium
1228 916 1331 965 fore
1374 917 1595 980 putabat,
1635 916 1697 965 ad

200 1010 346 1057 quem
381 1011 482 1043 non
519 995 666 1044 modo
704 1013 877 1045 verum
914 997 1112 1056 crimen,
1143 996 1229 1045 sed
1259 1013 1321 1045 ne
1351 999 1466 1045 ficta
1496 997 1697 1061 quidem
1726 1017 1775 1045 10

200 1075 411 1139 suspicio
459 1077 743 1140 perveniret
785 1083 834 1125 et
877 1077 955 1125 cui
997 1094 1097 1125 non
1139 1077 1288 1126 modo
1331 1084 1501 1141 aperta
1541 1079 1698 1126 inimi-

200 1172 368 1204 corum
417 1158 736 1221 oppugnatio,
779 1157 864 1206 sed
906 1174 968 1206 ne
1011 1158 1228 1207 occultae
1277 1158 1478 1222 quidem
1525 1159 1698 1207 matris

199 1235 407 1285 insidiae
432 1254 606 1286 nocere
631 1239 923 1302 potuissent.
994 1239 1233 1287 Larinum
1258 1245 1519 1303 postquam
1545 1241 1694 1301 venit,

200 1335 324 1382 quae
351 1336 379 1367 a
405 1318 639 1368 Stratone
675 1320 761 1369 illo
798 1336 1047 1369 venenum
1084 1327 1231 1369 antea
1265 1321 1372 1369 viro
1409 1337 1496 1369 suo
1526 1320 1698 1369 datum

201 1399 294 1447 sibi
341 1417 633 1463 persuasum
680 1418 785 1450 esse
834 1401 1126 1459 simulasset,
1166 1401 1460 1449 instructam
1501 1401 1545 1449 ei
1591 1418 1699 1450 con·
1725 1417 1773 1460 15

199 1481 341 1529 tinuo
367 1487 416 1529 et
441 1487 665 1530 ornatam
701 1482 872 1530 Larini
907 1482 1180 1531 medicinae
1217 1482 1518 1531 exercendae
1554 1499 1699 1531 causa

200 1561 458 1610 tabernam
483 1562 635 1611 dedit.

265 1641 446 1691 LXIV.
512 1643 701 1703 Unum,
753 1644 979 1703 alterum,
1028 1644 1235 1692 tertium
1293 1661 1476 1693 annum
1536 1644 1700 1693 Sassia

200 1723 495 1786 quiescebat,
534 1730 592 1772 ut
628 1724 753 1772 velle
790 1731 939 1788 atque
975 1731 1146 1788 optare
1182 1724 1370 1788 aliquid
1405 1724 1696 1773 calamitatis

202 1804 300 1852 filio
348 1805 514 1868 potius
558 1822 707 1869 quam
756 1805 808 1854 id
859 1811 1048 1854 struere
1105 1812 1156 1854 et
1209 1805 1372 1854 moliri
1428 1805 1694 1854 videretur.
1722 1823 1775 1851 20

79 1884 175 1938 179
200 1885 327 1933 Tum
364 1885 563 1934 interim
615 1886 662 1944 Q.
714 1886 987 1935 Hortensio
1036 1886 1091 1947 Q.
1143 1886 1349 1935 Metello
1397 1886 1693 1946 consulibus,

199 1972 256 2014 ut
301 1966 432 2015 hunc
480 1967 810 2031 Oppianicum
861 1967 996 2015 aliud
1047 1973 1275 2031 agentem
1324 1984 1378 2015 ac
1427 1967 1553 2015 nihil
1591 1967 1696 2016 eius

199 2047 336 2096 modi
377 2048 675 2112 cogitantem
720 2048 783 2096 ad
824 2048 951 2096 hanc
994 2048 1355 2096 accusationem
1396 2047 1694 2106 detraheret,

199 2129 358 2177 invito
405 2129 672 2193 despondit
719 2130 763 2177 ei
821 2129 972 2178 filiam
1032 2129 1393 2190 suam,—illam
1442 2146 1586 2193 quam
1636 2146 1698 2178 ex

199 2227 378 2274 genero
415 2216 841 2274 susceperat,—ut
876 2227 988 2259 eum
1024 2210 1213 2274 nuptiis
1243 2210 1518 2274 adligatum
1553 2210 1698 2258 simul
1722 2224 1771 2267 25

201 2298 251 2339 et
282 2292 569 2340 testamenti
605 2308 689 2355 spe
724 2291 1008 2340 devinctum
1043 2296 1210 2354 posset
1242 2290 1422 2339 habere
1454 2291 1507 2339 in
1539 2297 1695 2355 potes-

201 2378 315 2420 tate.
404 2371 513 2421 Hoc
560 2373 667 2436 ipso
715 2373 816 2421 fere
863 2379 1085 2436 tempore
1135 2372 1303 2420 Strato
1349 2372 1431 2420 ille
1479 2372 1696 2421 medicus

203 2453 335 2501 domi
393 2453 585 2502 furtum
642 2453 758 2503 fecit
815 2459 866 2502 et
913 2453 1112 2502 caedem
1171 2453 1274 2502 eius
1327 2453 1472 2502 modi.
1570 2454 1697 2503 Cum

259 2651 320 2690 14.
347 2644 393 2689 ἀ
434 2650 641 2699 Stratone,
686 2665 740 2690 w:
788 2663 871 2701 per
907 2650 1157 2698 Stratonem,
1200 2649 1310 2690 sb2:
1361 2651 1612 2699 Stratonem,
1652 2661 1680 2690 Τ

204 2719 267 2758 26.
287 2723 438 2769 posset,
461 2717 580 2758 edd.:
609 2720 751 2769 possit,
775 2717 898 2758 codd.
925 2718 1007 2770 (cp.
1032 2719 1053 2766 ἓ
1075 2718 1181 2767 134).
