1820 2956
154 152 214 198 12
584 152 715 203 PRO
755 154 821 204 A.
863 155 1214 206 C'LUENTIO.

149 284 294 333 sicuti
337 302 400 334 ex
446 286 617 335 multis
666 288 811 337 rebus
859 290 1132 354 reperietis,
1178 290 1417 357 singulari
1442 274 1646 341 ‘scelere

150 371 200 415 et
245 366 462 427 audacia,
473 384 624 432 —per
681 370 930 432 quendam
977 371 1305 431 Gallicanum,
1355 373 1645 422 familiarem

149 464 308 507 suum,
369 449 584 512 primum
644 450 787 499 illum
847 452 1061 501 indicem
1121 454 1331 517 pecunia
1395 455 1645 519 corrupit3

148 528 329 578 deinde
366 530 529 593 ipsum
569 531 637 578 M.
681 531 896 580 Aurium
934 549 1035 581 non
1073 550 1253 598 magna
1290 535 1480 583 iactura
1516 535 1646 584 facta

148 610 426 659 tollendum
484 611 985 676 interficiendumque
1033 615 1239 664 curavit.
1336 615 1419 663 Illi
1477 623 1645 665 autem
1699 624 1722 667 5

147 691 232 755 qui
275 697 418 740 erant
464 691 527 740 ad
568 694 908 757 propinquum
949 695 1356 760 investigandum
1404 704 1456 746 et
1496 698 1647 761 recip-

148 773 387 821 erandum
467 774 676 837 profecti
745 774 940 824 litteras
1009 776 1249 826 Larinum
1317 778 1381 826 ad
1463 779 1645 827 Aurios

145 854 279 903 illius
309 854 641 904 adulescentis
674 873 889 920 suosque
922 859 1224 908 necessarios
1257 859 1482 920 mittunt,
1526 860 1645 908 ‘sibi

146 935 393 984 difficilem
437 953 541 985 esse
588 937 926 1002 investigandi
974 939 1234 1000 rationem,
1281 940 1411 1003 quod
1455 940 1645 989 intelle-

145 1023 320 1082 gerent
388 1017 606 1066 indicem
675 1018 738 1066 ab
809 1019 1085 1083 Oppianico
1155 1037 1261 1070 esse
1324 1021 1645 1086 corruptum.’
1675 1030 1723 1059 10

146 1097 278 1158 Quas
319 1097 514 1147 litteras
557 1099 619 1147 A.
663 1099 866 1158 Aurius,
902 1101 980 1149 vir
1021 1101 1165 1150 fortis
1207 1107 1259 1150 et
1296 1103 1558 1166 experiens
1595 1109 1646 1152 et

144 1178 279 1227 domi
327 1179 506 1227 nobilis
553 1185 606 1228 et
652 1180 720 1228 M.
771 1180 905 1229 illius
954 1181 1082 1230 Auri
1128 1183 1542 1248 perpropinquus,
1591 1185 1644 1232 in

143 1260 251 1309 foro
331 1260 509 1324 palam,
589 1261 762 1310 multis
842 1262 1178 1323 audientibus,
1257 1281 1370 1314 cum
1449 1265 1646 1314 adesset

144 1340 460 1405 Oppianicus,
511 1342 691 1390 recitat
749 1349 800 1391 et
858 1343 1128 1393 clarissima
1174 1362 1296 1394 voce
1353 1363 1404 1395 se
1462 1363 1644 1396 nomen

143 1422 419 1486 Oppianici,
464 1423 505 1471 si
545 1423 867 1472 interfectum
909 1424 979 1473 M.
1025 1425 1240 1474 Aurium
1282 1443 1387 1476 esse
1429 1443 1644 1493 comper·
1673 1435 1720 1479 15

53 1511 121 1562 24
141 1504 263 1552 isset
303 1503 587 1552 delaturum
624 1521 729 1554 esse
766 1511 995 1554 testatur.
1069 1506 1280 1556 Interim
1316 1509 1457 1557 brevi
1488 1516 1644 1573 temp-

142 1602 225 1634 ore
282 1585 357 1633 illi
415 1586 501 1650 qui
561 1592 704 1634 erant
766 1587 820 1635 in
877 1604 1052 1652 agrum
1113 1587 1363 1637 Gallicum
1433 1590 1643 1654 profecti

141 1665 378 1715 Larinum
420 1673 774 1717 revertuntur:
810 1668 1129 1717 interfectum
1169 1686 1274 1718 esse
1315 1669 1383 1718 M.
1429 1671 1642 1719 Aurium

140 1749 446 1797 renuntiant.
520 1749 693 1796 Animi
742 1765 841 1798 non
889 1749 1050 1798 solum
1096 1751 1503 1815 propinquorum,
1555 1751 1642 1801 sed

140 1830 291 1879 etiam
332 1830 556 1879 omnium
602 1830 914 1879 Larinatium
957 1831 1071 1880 odio
1114 1831 1375 1896 Oppianici
1418 1840 1469 1881 et
1508 1832 1642 1882 illius
1667 1847 1719 1875 20

139 1911 471 1960 adulescentis
508 1911 848 1960 misericordia
880 1919 1287 1974 commoventur3
1323 1914 1494 1977 itaque
1529 1932 1641 1964 cum

138 1992 198 2041 A.
238 1994 438 2053 Aurius,
479 1994 521 2042 is
557 1994 643 2056 qui
679 2001 827 2042 antea
863 1993 1199 2055 denuntiarat,
1241 1994 1452 2044 clamore
1488 1996 1642 2045 homi-

138 2091 247 2123 nem
303 2091 359 2123 ac
411 2074 559 2122 minis
613 2075 808 2138 insequi
869 2076 1124 2138 coepisset,
1180 2075 1364 2124 Larino
1419 2077 1640 2141 profugit

138 2162 189 2204 et
230 2172 282 2204 se
322 2156 375 2204 in
415 2162 575 2204 castra
615 2155 872 2204 clarissimi
911 2157 1021 2216 viri,
1061 2156 1117 2216 Q.
1158 2156 1368 2216 Metelli,
1407 2158 1634 2207 contulit.

47 2248 113 2300 25
137 2237 259 2286 Post
290 2237 426 2286 illam
460 2244 627 2286 autem
660 2237 844 2302 fugam,
877 2238 1074 2286 sceleris
1108 2243 1159 2286 et
1187 2238 1517 2288 conscientiae
1546 2249 1638 2288 tes·
1662 2251 1713 2295 25
1766 2295 1770 2299 ,

135 2324 250 2379 tem,
290 2335 564 2382 numquam
600 2335 651 2367 se
693 2318 902 2379 iudiciis,
943 2336 1217 2383 numquam
1254 2319 1461 2384 legibus,
1500 2338 1639 2369 num-

188 2429 226 2468 4.
255 2428 337 2477 M„
356 2427 499 2480 suppl.
525 2427 687 2469 Baiter.
740 2429 778 2468 8.
803 2428 1088 2477 adolescentis,
1112 2440 1215 2469 Ps'r:
1247 2429 1520 2469 adolescentis
1537 2443 1634 2481 pro-

130 2492 326 2543 pinquos,
345 2508 385 2532 ω.
439 2493 476 2532 9.
498 2493 623 2543 quod,
642 2492 842 2532 Pandw:
875 2494 1195 2542 cum,s⁷r.,§98.
1251 2494 1312 2533 ll.
1335 2492 1410 2542 A„
1430 2507 1511 2534 om.
1530 2505 1633 2534 Ps'r:

132 2570 198 2609 cp.
219 2559 262 2606 ἐξ
281 2557 348 2605 24,
368 2557 432 2597 25.
498 2556 557 2596 13.
593 2557 750 2605 maltis,
774 2568 878 2596 PS'r:
910 2570 992 2596 om.
1019 2571 1060 2596 ω.
1126 2558 1187 2596 15.
1222 2569 1316 2605 esse,
1342 2569 1447 2598 Ps'r:
1478 2571 1559 2598 om.
1587 2573 1627 2598 ω.

134 2620 196 2664 17.
230 2634 385 2671 ayrum
407 2620 628 2668 Gallicum,
655 2631 681 2659 P
701 2619 788 2659 and
813 2632 864 2659 w:
901 2620 1103 2669 Galliam,
1128 2632 1188 2661 ST.
1250 2621 1315 2661 25.
1351 2621 1472 2662 illam
1495 2628 1635 2661 autem

122 2685 294 2735 fuqam,
328 2696 403 2724 s'r:
447 2685 570 2724 illam
591 2684 752 2735 fuglam
780 2689 934 2733 autem,
967 2695 1059 2724 FM:
1104 2684 1226 2724 illam
1245 2685 1406 2736 fuqam
1435 2691 1485 2734 et,
1518 2685 1627 2726 dett.

130 2749 195 2789 26.
222 2762 454 2799 numquam
474 2761 515 2788 se
591 2748 761 2799 leyibus,
785 2761 868 2788 om.
893 2759 955 2788 ετ.
