1820 2956
152 155 216 200 54
586 149 719 200 PRO
753 148 818 200 A.
861 147 1220 201 OLUENTIO.

28 287 127 340 100
149 290 332 349 postea,
376 284 577 333 reticuit
624 288 773 347 atque
821 282 1107 347 suppressit.
1195 281 1386 330 Omitto
1433 286 1484 330 et
1530 279 1649 328 haec

151 371 202 415 et
229 366 324 415 alia
352 364 599 429 permulta
634 381 760 428 quae
796 363 880 412 illo
915 363 1100 412 iudicio
1135 363 1187 411 in
1225 362 1481 410 Staienum
1517 361 1650 410 dicta

152 452 297 497 sunt:
332 446 423 495 hoc
449 446 571 506 dico,
599 445 805 495 eandem
839 451 946 494 tum
975 445 1125 493 fuisse
1151 445 1204 493 P.
1234 450 1283 493 et
1307 444 1359 492 L.
1394 443 1645 503 Cominiis,

152 528 403 593 equitibus
445 527 696 587 Romanis,
739 526 959 575 honestis
1006 526 1291 575 hominibus
1339 529 1390 574 et
1436 525 1646 584 disertis,

152 609 537 659 controversiam
575 625 685 657 cum
729 608 944 668 Staieno,
985 624 1131 671 quem
1174 606 1480 666 accusabant,
1526 622 1650 669 quae

153 708 282 739 nunc
319 690 442 738 mihi
481 696 555 739 est
593 707 705 739 cum
743 690 907 738 Accio.
995 688 1210 738 Cominii
1251 688 1482 737 dicebant
1521 687 1653 735 idem

153 772 288 837 quod
335 788 425 837 ego
473 772 596 833 dico,
648 771 904 820 Staienum
953 771 1015 819 ab
1063 770 1336 834 Oppianico
1397 769 1654 833 pecuniam

154 854 395 918 accepisse
443 859 499 901 ut
545 852 783 902 iudicium
841 858 1206 916 corrumperet:
1267 851 1497 900 Staienus
1545 866 1655 898 con-

33 935 129 987 101
154 935 392 985 ciliandae
450 936 636 1000 gratiae
684 952 828 984 causa
874 934 1116 998 accepisse
1175 933 1383 982 dicebat.
1479 931 1655 981 Irride-

155 1018 302 1066 batur
342 1017 463 1066 haec
505 1016 638 1065 illius
680 1015 1019 1065 reconciliatio
1061 1021 1112 1063 et
1153 1031 1363 1078 persona
1403 1014 1498 1062 viri
1539 1013 1655 1062 boni

156 1103 394 1162 suscepta,
435 1098 563 1146 sicut
610 1098 661 1145 in
710 1097 889 1145 statuis
936 1096 1176 1145 inauratis
1219 1112 1342 1160 quas
1382 1095 1548 1159 posuit
1595 1094 1657 1143 ad

156 1179 407 1240 Iuturnae,
452 1178 631 1243 quibus
679 1177 972 1242 subscripsit
1012 1194 1150 1242 reges
1192 1194 1221 1226 a
1261 1194 1311 1226 se
1354 1177 1405 1225 in
1446 1177 1655 1241 gratiam

157 1277 261 1309 esse
308 1260 538 1309 reductos
556 1279 570 1321 3
629 1259 1012 1324 exagitabantur
1070 1275 1240 1307 omnes
1300 1259 1404 1307 eius
1462 1258 1658 1306 fraudes

158 1347 307 1405 atque
344 1340 565 1389 fallaciae
582 1359 596 1401 3
639 1346 746 1389 tota
783 1340 888 1388 vita
922 1339 974 1388 in
1012 1341 1117 1389 eius
1152 1339 1288 1388 modi
1326 1339 1518 1388 ratione
1557 1356 1658 1387 ver-

158 1429 265 1472 sata
288 1422 600 1487 aperiebatur
616 1442 629 1483 3
667 1428 858 1487 egestas
883 1422 1164 1482 domestica,
1194 1427 1428 1485 quaestus
1452 1421 1659 1470 forensis

157 1506 209 1553 in
244 1504 465 1554 medium
495 1504 867 1568 proferebatur,
903 1504 1210 1552 nummarius
1248 1504 1490 1568 interpres
1526 1503 1658 1567 pacis

159 1592 209 1635 et
234 1585 523 1634 concordiae
557 1602 657 1634 non
690 1585 1003 1649 probabatur.
1078 1584 1254 1648 Itaque
1279 1591 1385 1632 tum
1414 1584 1657 1644 Staienus,

160 1685 271 1716 cum
329 1667 463 1716 idem
522 1667 812 1716 defenderet
870 1666 1003 1730 quod
1063 1667 1252 1725 Accius,
1305 1666 1661 1714 condemnatus

38 1755 137 1807 102
161 1755 266 1810 est3
324 1748 539 1797 Cominii
587 1766 699 1797 cum
745 1748 837 1797 hoc
885 1754 1101 1813 agerent,
1140 1747 1273 1811 quod
1321 1764 1409 1796 nos
1457 1747 1509 1795 in
1555 1753 1662 1795 tota

161 1847 306 1879 causa
330 1830 534 1894 egimus,
560 1830 908 1893 probaverunt.
984 1828 1144 1889 Quam
1177 1828 1240 1877 ob
1273 1845 1378 1876 rem
1408 1828 1448 1876 si
1474 1828 1662 1876 Staieni

161 1911 478 1961 damnatione
522 1911 850 1975 Oppianicum
898 1910 1136 1958 iudicium
1179 1926 1489 1973 corrumpere
1530 1909 1663 1957 volu-

161 1993 268 2052 isse,
298 1993 627 2056 Oppianicum
651 1991 803 2040 iudici
829 1991 891 2040 ad
916 1991 1148 2040 emendas
1175 1991 1445 2039 sententias
1471 1990 1662 2039 dedisse

162 2074 421 2138 pecuniam
468 2073 742 2122 iudicatum
791 2079 877 2132 est,
930 2089 1042 2120 cum
1100 2073 1171 2120 ita
1223 2073 1552 2121 constitutum
1599 2072 1664 2120 sit

162 2162 221 2204 ut
260 2155 312 2203 in
353 2155 438 2203 illa
480 2155 625 2218 culpa
666 2160 753 2203 aut
795 2154 1057 2203 Cluentius
1106 2154 1171 2202 sit
1218 2160 1304 2202 aut
1345 2154 1661 2217 OppianicuS,

164 2236 363 2286 Cluenti
416 2253 649 2285 nummus
703 2235 867 2284 nullus
914 2236 1064 2284 iudici
1113 2235 1259 2284 datus
1307 2235 1407 2284 ullo
1454 2235 1664 2299 vestigio

164 2318 451 2382 reperietur,
495 2317 757 2381 Oppianici
799 2317 1007 2380 pecunia
1049 2323 1161 2381 post
1203 2317 1436 2365 iudicium
1480 2317 1665 2365 factum

221 2485 257 2523 1.
291 2483 472 2531 reticuit,
504 2495 578 2523 ST:
609 2482 799 2531 retinuit,
830 2497 872 2521 ω.
934 2483 971 2521 6.
1006 2488 1077 2530 esc,
1109 2497 1139 2521 ω
1167 2481 1254 2521 and
1280 2482 1339 2521 all
1368 2484 1517 2521 recent
1545 2481 1664 2521 edd.:

166 2548 232 2596 sit,
257 2559 305 2587 ΒΤ
325 2547 412 2587 and
432 2547 609 2588 Classen
627 2549 710 2599 (cp.
731 2550 751 2596 ξ
771 2548 859 2595 119,
884 2548 919 2594 1,
939 2552 1072 2593 erant,
1093 2546 1151 2585 all
1167 2546 1328 2596 codd.).
1380 2547 1418 2586 9.
1444 2546 1660 2597 accepisse,

167 2623 236 2652 8¹1⁸:
259 2625 299 2652 se
319 2612 537 2663 accepisse,
562 2627 612 2651 ω;
636 2611 840 2661 accepisse
861 2623 915 2658 se,
940 2610 1089 2650 Baiter
1110 2613 1196 2659 (see
1217 2610 1385 2659 Notes).
1443 2611 1503 2651 13.
1529 2623 1668 2650 omnes

166 2677 269 2725 eius,
295 2688 412 2717 PFM:
444 2677 532 2716 eius
551 2689 705 2726 omnes,
729 2687 790 2716 ST.
850 2675 916 2714 24.
949 2680 1009 2723 ut,
1033 2686 1086 2714 P:
1117 2674 1193 2723 uti,
1220 2690 1260 2714 ω.
1321 2675 1387 2715 26.
1418 2676 1663 2725 reperietur,

167 2752 223 2782 P:
252 2741 479 2791 reperitur,
505 2756 547 2781 ω.

1684 1031 1733 1059 10

1687 1846 1739 1873 20
